1001,382421345,sell,QWZOCEDD7,872,103.78,2024-09-25 14:06:36
1002,915963409,buy,WYH33AJ69,2168,224.22,2024-09-25 14:06:36
1003,716424450,sell,2A003IR05,7483,73.86,2024-09-25 14:06:36
1004,742469304,sell,3V1UB1CC9,2947,203.27,2024-09-25 14:06:36
1005,522548413,sell,D8IF7MCM1,9935,311.27,2024-09-25 14:06:36
1006,745126513,sell,OXC5KK2N0,5136,73.31,2024-09-25 14:06:36
1007,438249657,buy,0X3A27XA8,5468,172.07,2024-09-25 14:06:36
1008,725270203,buy,H14IFTIS8,1782,389.01,2024-09-25 14:06:36
1009,468253774,sell,GNYXITTV3,6443,290.29,2024-09-25 14:06:36
1010,247682334,buy,SQF3E6227,1592,129.65,2024-09-25 14:06:36
1011,956625933,sell,NQLO8O060,7690,447.13,2024-09-25 14:06:36
1012,270915831,buy,7L5I3I0S0,8003,342.46,2024-09-25 14:06:36
1013,559446950,sell,N02962814,1419,374.25,2024-09-25 14:06:36
1014,533977512,buy,TOL3C67I6,682,282.38,2024-09-25 14:06:36
1015,968026338,sell,06U99BKJ9,7382,418.35,2024-09-25 14:06:36
1016,124972053,sell,AFVG41AW0,1988,336.57,2024-09-25 14:06:36
1017,206698134,buy,3H66VYR87,262,25.30,2024-09-25 14:06:36
1018,326180348,sell,801E432N9,4962,443.65,2024-09-25 14:06:36
1019,205289725,buy,JTUTGAMU2,8548,232.21,2024-09-25 14:06:36
1020,170476324,sell,B16O80HH5,5216,357.71,2024-09-25 14:06:36
1021,603365845,sell,VZLAJWSQ7,5033,49.25,2024-09-25 14:06:36
1022,378753526,buy,QQFM6WBO1,6232,73.21,2024-09-25 14:06:36
1023,963443592,buy,FP4BO5AP8,486,403.86,2024-09-25 14:06:36
1024,904920532,sell,T3FJ6WBE8,2117,248.11,2024-09-25 14:06:36
1025,196759907,sell,HJGJC9J92,1860,51.78,2024-09-25 14:06:36
1026,732405185,buy,9CLBLELQ5,6087,432.52,2024-09-25 14:06:36
1027,146068442,buy,7FYI3Q673,7335,91.84,2024-09-25 14:06:36
1028,688154469,sell,MKNCLKJY0,2837,463.04,2024-09-25 14:06:36
1029,603208166,buy,S1Y68WM48,2202,434.01,2024-09-25 14:06:36
1030,810999579,sell,N7NVXLX90,7158,384.41,2024-09-25 14:06:36
1031,384025532,buy,98IWURWK4,4006,93.14,2024-09-25 14:06:36
1032,100048682,buy,CWGKEN8N3,5680,27.22,2024-09-25 14:06:36
1033,458572441,buy,0YATZNUY7,2535,139.12,2024-09-25 14:06:36
1034,809651663,sell,IAG3TPEV7,4394,403.16,2024-09-25 14:06:36
1035,898555419,buy,EP84HDW78,946,268.84,2024-09-25 14:06:36
1036,945093354,sell,NQEUPU178,3463,13.34,2024-09-25 14:06:36
1037,265248938,buy,XTXSA93B7,126,316.16,2024-09-25 14:06:36
1038,897012921,sell,GUKTAFSZ1,6460,468.49,2024-09-25 14:06:36
1039,167852100,buy,9M5TU23B1,9892,451.68,2024-09-25 14:06:36
1040,600951168,buy,D9IJKXQT2,6263,222.16,2024-09-25 14:06:36
1041,949167791,sell,VNZYBE747,4896,77.73,2024-09-25 14:06:36
1042,306027557,sell,ETO1BCZK4,5129,155.11,2024-09-25 14:06:36
1043,720049533,sell,G6B57RBQ2,5548,165.17,2024-09-25 14:06:36
1044,164721420,buy,03G2WWA07,2064,229.20,2024-09-25 14:06:36
1045,333922612,sell,EJZY6ILZ7,1764,258.42,2024-09-25 14:06:36
1046,998479078,sell,LGQMPQH04,9483,491.20,2024-09-25 14:06:36
1047,295443513,buy,C3J8TJSF9,9990,46.87,2024-09-25 14:06:36
1048,660792696,buy,MFT290SM1,4827,90.42,2024-09-25 14:06:36
1049,342835068,buy,WHR52Y9H6,3086,216.60,2024-09-25 14:06:36
1050,618257811,buy,4J4I682C1,3490,104.85,2024-09-25 14:06:36
1051,933229154,sell,YBD1713W1,5449,306.49,2024-09-25 14:06:36
1052,105919947,buy,LHQFATWS9,3722,189.07,2024-09-25 14:06:36
1053,141715619,buy,J1DVCH4E2,1973,393.48,2024-09-25 14:06:36
1054,160747552,buy,ATZZSPVY8,6838,323.99,2024-09-25 14:06:36
1055,556193946,buy,8NIKBCN30,5828,348.88,2024-09-25 14:06:36
1056,850645926,buy,NDXTLCNA2,4400,310.95,2024-09-25 14:06:36
1057,234639164,buy,BAESBZ373,238,44.99,2024-09-25 14:06:36
1058,584963149,buy,VVZH9AX22,6596,364.39,2024-09-25 14:06:36
1059,432091550,sell,LUXEKXUA6,7153,441.48,2024-09-25 14:06:36
1060,864251042,buy,WWR2Z2PI4,4741,408.64,2024-09-25 14:06:36
1061,337522914,sell,KVN6K3JW4,502,233.20,2024-09-25 14:06:36
1062,398054996,buy,QPWYW8RO5,4333,136.59,2024-09-25 14:06:36
1063,834635233,sell,A3DAOLGY4,2998,468.37,2024-09-25 14:06:36
1064,456461535,sell,2I764YED8,496,386.80,2024-09-25 14:06:36
1065,134718196,buy,AAPKH85M8,3414,166.55,2024-09-25 14:06:36
1066,901960210,sell,TP2K22BQ3,2985,79.46,2024-09-25 14:06:36
1067,345628519,buy,KT6HF7GV6,1456,427.52,2024-09-25 14:06:36
1068,161586679,sell,TFK1O0L60,5020,36.97,2024-09-25 14:06:36
1069,616132827,sell,9ZXJAF6H0,495,461.14,2024-09-25 14:06:36
1070,242312032,buy,KRI1MT9P7,9307,34.83,2024-09-25 14:06:36
1071,556802402,buy,EYOWOD9P7,305,109.72,2024-09-25 14:06:36
1072,322590053,sell,WQH3B8KK9,3750,370.61,2024-09-25 14:06:36
1073,735123453,sell,EAW4E9II8,6382,10.82,2024-09-25 14:06:36
1074,855871237,sell,HG6G8TAB0,5334,381.53,2024-09-25 14:06:36
1075,362838986,sell,TGL6RXBN5,2038,98.01,2024-09-25 14:06:36
1076,311953832,sell,O4OAXX281,720,153.25,2024-09-25 14:06:36
1077,526296162,buy,727GS0Y83,6606,279.21,2024-09-25 14:06:36
1078,730591279,buy,ZIX8EEM76,3104,294.35,2024-09-25 14:06:36
1079,497530636,buy,4YZWDVWZ0,6246,25.82,2024-09-25 14:06:36
1080,813107597,buy,18GVL3PC5,3106,25.07,2024-09-25 14:06:36
1081,866425252,sell,DLKL2YND3,1313,365.66,2024-09-25 14:06:36
1082,775294246,buy,BU73HEY53,7992,164.01,2024-09-25 14:06:36
1083,687144292,buy,ASPDGROU5,9132,264.26,2024-09-25 14:06:36
1084,570454692,sell,6B64IS6C4,9825,354.00,2024-09-25 14:06:36
1085,149691261,buy,ERKHUJ250,5066,322.21,2024-09-25 14:06:36
1086,796720504,buy,07GQGNNL3,8393,303.78,2024-09-25 14:06:36
1087,595308168,buy,097JOMBL1,8771,418.69,2024-09-25 14:06:36
1088,384406946,sell,VP8U08Z77,2716,83.38,2024-09-25 14:06:36
1089,101714338,buy,H3A8P1MC9,7124,160.24,2024-09-25 14:06:36
1090,640901737,sell,BIM5Y9V46,3759,223.83,2024-09-25 14:06:36
1091,540876298,sell,T4EBZK9K7,2443,23.59,2024-09-25 14:06:36
1092,775665059,buy,16PM011L2,4270,312.16,2024-09-25 14:06:36
1093,519505297,buy,QM0CJEKE6,9158,17.51,2024-09-25 14:06:36
1094,463104572,sell,J4I4QBLI1,5124,23.05,2024-09-25 14:06:36
1095,913698748,buy,4SCE47D33,8225,169.19,2024-09-25 14:06:36
1096,560810003,buy,R9N44RLI4,9422,315.31,2024-09-25 14:06:36
1097,351850531,sell,321PYOFK8,456,420.00,2024-09-25 14:06:36
1098,791143457,buy,2VPK01TE6,721,171.54,2024-09-25 14:06:36
1099,883690506,sell,ZKACVJFV2,6298,20.44,2024-09-25 14:06:36
1100,387326172,sell,VLE46EV56,1809,281.33,2024-09-25 14:06:36
1101,972894461,buy,TMYYP9OV0,6244,462.76,2024-09-25 14:06:36
1102,993982696,buy,6HWJ625R7,8673,30.90,2024-09-25 14:06:36
1103,888525536,sell,NX8CPC4O0,113,202.39,2024-09-25 14:06:36
1104,822698072,buy,70D24OBH0,1881,325.69,2024-09-25 14:06:36
1105,475516137,sell,TMAH1H5T7,8960,444.02,2024-09-25 14:06:36
1106,536844310,sell,SUSISKKK5,2358,374.71,2024-09-25 14:06:36
1107,398034790,buy,C6ELOMGQ5,7017,160.56,2024-09-25 14:06:36
1108,985791224,buy,INELU5G33,7189,335.71,2024-09-25 14:06:36
1109,572136654,buy,G7DCGHVA8,7375,266.53,2024-09-25 14:06:36
1110,495428051,sell,LDNNW2PS7,3774,323.78,2024-09-25 14:06:36
1111,617391203,buy,BQQWLHX56,9402,109.46,2024-09-25 14:06:36
1112,718893200,buy,Q2IZ4VNH8,5633,181.10,2024-09-25 14:06:36
1113,490181967,buy,ZH6NF7750,6553,460.70,2024-09-25 14:06:36
1114,339392712,sell,TPJ2F7XQ6,7911,122.71,2024-09-25 14:06:36
1115,287256581,buy,RGJTBU4S0,7213,140.56,2024-09-25 14:06:36
1116,136649597,buy,D9WR7J0B1,4574,455.55,2024-09-25 14:06:36
1117,536600711,sell,CNCX7PK57,7724,413.53,2024-09-25 14:06:36
1118,638716225,buy,X5C1B7SF8,3560,251.74,2024-09-25 14:06:36
1119,274398439,sell,9RSVTTL31,6898,125.17,2024-09-25 14:06:36
1120,404298723,buy,HFXVUVRL9,8688,145.25,2024-09-25 14:06:36
1121,282661452,sell,W4Q80BNL7,9101,243.83,2024-09-25 14:06:36
1122,247700600,buy,TUUFOTWR4,9642,419.99,2024-09-25 14:06:36
1123,620051617,buy,IRU5CDDZ6,6263,212.51,2024-09-25 14:06:36
1124,835206767,sell,VYQIHBGE6,379,146.30,2024-09-25 14:06:36
1125,757990274,buy,5IJEISL03,7459,60.62,2024-09-25 14:06:36
1126,309555208,sell,54YZDMUG3,6546,322.81,2024-09-25 14:06:36
1127,254507677,buy,80TIG8487,2199,209.07,2024-09-25 14:06:36
1128,656813817,buy,CCHZET6O0,615,98.35,2024-09-25 14:06:36
1129,599293102,sell,B6PQ3S4G8,6902,248.28,2024-09-25 14:06:36
1130,705186294,sell,5NCAOU149,6784,371.41,2024-09-25 14:06:36
1131,901635384,sell,1HP4221V2,3550,155.70,2024-09-25 14:06:36
1132,590916319,buy,ZSF2IPW85,8539,285.65,2024-09-25 14:06:36
1133,223130492,sell,WPG1RNEG2,5750,407.98,2024-09-25 14:06:36
1134,851756661,sell,MSH352DP3,6227,36.27,2024-09-25 14:06:36
1135,899723997,buy,A10AZG1E1,7934,462.47,2024-09-25 14:06:36
1136,131523340,buy,BWDWHTU00,6593,244.99,2024-09-25 14:06:36
1137,449494384,sell,H4KFAERF6,4219,80.83,2024-09-25 14:06:36
1138,346894139,buy,G48C7PBJ6,6254,399.61,2024-09-25 14:06:36
1139,124620305,sell,INALS7BF4,3912,131.00,2024-09-25 14:06:36
1140,773582142,sell,0HNH6R410,9483,192.48,2024-09-25 14:06:36
1141,648606672,sell,LMWZ3COJ1,5213,64.25,2024-09-25 14:06:36
1142,109202394,buy,0DVSG2WK7,7505,149.67,2024-09-25 14:06:36
1143,245747094,buy,O02TI8VA7,8652,483.78,2024-09-25 14:06:36
1144,588597902,buy,VDZMZUSD0,8328,225.81,2024-09-25 14:06:36
1145,533335688,sell,4X83ETS28,3200,147.56,2024-09-25 14:06:36
1146,239033994,sell,2BXTV4QC9,3097,277.35,2024-09-25 14:06:36
1147,690168787,sell,Z5Q5FLTM1,3375,311.51,2024-09-25 14:06:36
1148,842725286,sell,75HM1S962,194,377.84,2024-09-25 14:06:36
1149,746919024,sell,0WGLI3M65,5510,117.55,2024-09-25 14:06:36
1150,405417479,buy,WG00CX1T1,358,418.16,2024-09-25 14:06:36
1151,637719534,sell,66UTK1GR5,1356,69.16,2024-09-25 14:06:36
1152,278987865,sell,KJA7O8LK1,8707,343.19,2024-09-25 14:06:36
1153,187386072,sell,9K7PH3AA8,344,51.14,2024-09-25 14:06:36
1154,543748283,buy,11CI4IHB0,7945,334.27,2024-09-25 14:06:36
1155,317129503,sell,311ORPGV3,5949,355.17,2024-09-25 14:06:36
1156,435804274,sell,VJ9JCQAT1,4914,455.25,2024-09-25 14:06:36
1157,699509119,buy,KTW5OCIA6,1885,436.38,2024-09-25 14:06:36
1158,878056547,sell,5FERJV7W3,8855,358.27,2024-09-25 14:06:36
1159,373559072,sell,UV2FGY0N3,6547,490.05,2024-09-25 14:06:36
1160,682030343,buy,5X289JX40,7914,266.50,2024-09-25 14:06:36
1161,180137746,buy,GM23Z00M1,5454,387.87,2024-09-25 14:06:36
1162,327181979,buy,QP8NY7HP4,7840,17.13,2024-09-25 14:06:36
1163,774300239,buy,88CKAB1Q5,2236,71.59,2024-09-25 14:06:36
1164,412164865,buy,NDO80ILG7,4582,229.87,2024-09-25 14:06:36
1165,837499993,sell,YOTFY14O2,8901,87.54,2024-09-25 14:06:36
1166,520109747,sell,BXLAMHRI2,4389,307.09,2024-09-25 14:06:36
1167,687173639,buy,AQW4T0KB2,7521,70.56,2024-09-25 14:06:36
1168,794091795,sell,18BJL9PF7,875,290.63,2024-09-25 14:06:36
1169,522428558,buy,DJMR1WPB0,9392,159.52,2024-09-25 14:06:36
1170,332211574,buy,ZQH0X7KX2,8351,126.11,2024-09-25 14:06:36
1171,941965727,sell,MYCZU53E5,332,322.22,2024-09-25 14:06:36
1172,206113396,sell,2TH9GPKD6,5062,473.56,2024-09-25 14:06:36
1173,467253500,buy,M0GSK7Y53,456,185.09,2024-09-25 14:06:36
1174,443304446,sell,7VHXFVL65,433,244.52,2024-09-25 14:06:36
1175,401167060,sell,NZW7O3Q65,5758,18.06,2024-09-25 14:06:36
1176,722928749,sell,X38ID0YK6,5272,65.05,2024-09-25 14:06:36
1177,306060948,sell,EOYPLUPG0,2513,123.34,2024-09-25 14:06:36
1178,814422591,buy,WG5QY08F0,453,341.07,2024-09-25 14:06:36
1179,262431488,sell,HUHFSNPD0,8785,497.85,2024-09-25 14:06:36
1180,898853950,sell,87DCOSJW0,2855,176.61,2024-09-25 14:06:36
1181,307870933,sell,A4A6T95J1,529,147.02,2024-09-25 14:06:36
1182,164234161,sell,OKE9HABF1,5972,90.59,2024-09-25 14:06:36
1183,533977787,sell,JVQ8166V9,7950,24.13,2024-09-25 14:06:36
1184,349215490,sell,0O5VRLS91,6995,69.29,2024-09-25 14:06:36
1185,150966616,buy,C7PRG0WA2,2030,73.90,2024-09-25 14:06:36
1186,951605263,buy,SLY7OBXC0,6981,413.05,2024-09-25 14:06:36
1187,134528066,buy,AOQS70RB8,9738,81.63,2024-09-25 14:06:36
1188,233042945,buy,QY1AVV6S6,6312,411.69,2024-09-25 14:06:36
1189,563981824,sell,OCH1QDM57,533,185.92,2024-09-25 14:06:36
1190,240509404,sell,XVOUEKR71,6301,349.35,2024-09-25 14:06:36
1191,565724227,sell,KE2Y3RDH9,3873,323.45,2024-09-25 14:06:36
1192,196264736,buy,6U7YMRUU5,9680,166.19,2024-09-25 14:06:36
1193,124026740,sell,458DD3BJ6,8989,297.78,2024-09-25 14:06:36
1194,349568583,buy,M49XXBUS3,7555,212.60,2024-09-25 14:06:36
1195,803823023,sell,CF1NBMQD7,8328,183.02,2024-09-25 14:06:36
1196,827431266,sell,LAJVD95K5,2062,181.48,2024-09-25 14:06:36
1197,723077563,sell,BVSQ1F728,2240,420.13,2024-09-25 14:06:36
1198,812924243,sell,N8DNTTWF2,52,253.97,2024-09-25 14:06:36
1199,388368843,sell,V4PBL99R7,8473,155.86,2024-09-25 14:06:36
1200,626785478,sell,CEEBK9OF8,1082,60.18,2024-09-25 14:06:36
1201,417223029,buy,OQ55ZC9G3,9770,294.62,2024-09-25 14:06:36
1202,983089182,buy,RRWQ89VP4,9485,375.42,2024-09-25 14:06:36
1203,944673137,buy,POHH3V039,7911,117.83,2024-09-25 14:06:36
1204,137069200,sell,SBJ834IL3,2012,36.86,2024-09-25 14:06:36
1205,739993150,buy,HHZFXB8J5,2466,422.35,2024-09-25 14:06:36
1206,160874798,buy,T3WNBWMG7,6448,326.94,2024-09-25 14:06:36
1207,495505287,buy,7CCLHC194,157,418.00,2024-09-25 14:06:36
1208,202833532,sell,H60QGQJ08,4703,190.09,2024-09-25 14:06:36
1209,216402159,sell,IF0G4LKP6,7835,163.71,2024-09-25 14:06:36
1210,424187899,sell,TO5G3J9K0,5679,360.36,2024-09-25 14:06:36
1211,955518086,buy,3N1JCHJ21,6294,263.07,2024-09-25 14:06:36
1212,768104109,sell,UFV9KX2Q8,1033,362.03,2024-09-25 14:06:36
1213,320606533,sell,D6GHK6EZ2,1054,356.32,2024-09-25 14:06:36
1214,216866052,buy,F2Y26LN44,4260,163.34,2024-09-25 14:06:36
1215,432802886,sell,S2EJUQZV4,7635,56.23,2024-09-25 14:06:36
1216,977242309,sell,V46PA7W55,9483,325.52,2024-09-25 14:06:36
1217,939741839,buy,7AEXGJL60,3223,390.72,2024-09-25 14:06:36
1218,796063398,buy,4CP6VNNQ4,4467,190.67,2024-09-25 14:06:36
1219,301795538,sell,NUVRCHDO0,1829,38.24,2024-09-25 14:06:36
1220,669726605,buy,DK0J3U9Y9,6911,366.23,2024-09-25 14:06:36
1221,159548561,buy,M3QVTRAO1,981,167.08,2024-09-25 14:06:36
1222,452760539,buy,T98GZSBT3,4178,131.39,2024-09-25 14:06:36
1223,626878297,buy,JGLNOAW82,988,53.43,2024-09-25 14:06:36
1224,911462803,buy,A3VOIS2C9,8956,396.08,2024-09-25 14:06:36
1225,954924371,buy,QF2UJHO81,3822,387.23,2024-09-25 14:06:36
1226,960670488,buy,9IBV0VQX4,7415,213.60,2024-09-25 14:06:36
1227,414370750,buy,WVRG5G8U9,7411,406.66,2024-09-25 14:06:36
1228,169951562,sell,1GZZLK853,8997,109.93,2024-09-25 14:06:36
1229,746502934,buy,UGK7BQZL2,8477,126.63,2024-09-25 14:06:36
1230,577489614,buy,AU6B2ZRB1,2733,68.17,2024-09-25 14:06:36
1231,684986185,sell,79H3A3BA9,7615,13.45,2024-09-25 14:06:36
1232,436099727,buy,E7CKS6CX5,3648,471.96,2024-09-25 14:06:36
1233,236472565,buy,3J3ZEHGM9,7384,43.42,2024-09-25 14:06:36
1234,439332035,sell,H6G65SYW6,983,138.82,2024-09-25 14:06:36
1235,474607934,buy,FEHWC76T9,1289,100.29,2024-09-25 14:06:36
1236,420362346,buy,CDIMVY1H6,8056,348.60,2024-09-25 14:06:36
1237,287941226,sell,YXGBXL4X2,3610,203.81,2024-09-25 14:06:36
1238,911279760,sell,TMT8DKXK5,8053,414.97,2024-09-25 14:06:36
1239,991763315,sell,U0W2RB6U3,383,456.47,2024-09-25 14:06:36
1240,886158453,sell,QQGZ1ZD58,3618,318.25,2024-09-25 14:06:36
1241,180897578,buy,3GPX79V03,5513,62.76,2024-09-25 14:06:36
1242,228496760,sell,M81U9VG08,5792,159.06,2024-09-25 14:06:36
1243,345021305,sell,ILV5MZ405,928,227.18,2024-09-25 14:06:36
1244,256353704,sell,23SAC9G68,8314,388.66,2024-09-25 14:06:36
1245,683783241,sell,TL68BZ8Q6,5531,401.01,2024-09-25 14:06:36
1246,427570894,sell,P8PT42685,3373,335.13,2024-09-25 14:06:36
1247,890084065,buy,EK1JO3I99,2126,142.34,2024-09-25 14:06:36
1248,279655263,buy,U3R559OB7,5706,337.09,2024-09-25 14:06:36
1249,770045305,buy,K9EI8GXS5,7084,75.29,2024-09-25 14:06:36
1250,862422733,sell,RJWNMPL52,7096,234.39,2024-09-25 14:06:36
1251,772784816,buy,NNEQOMRN0,7006,469.34,2024-09-25 14:06:36
1252,293893387,sell,VDOIJYK49,1329,331.74,2024-09-25 14:06:36
1253,387195390,sell,BZFBVDJC3,2941,101.23,2024-09-25 14:06:36
1254,769998547,buy,GQE5AZB34,9824,276.48,2024-09-25 14:06:36
1255,613202597,buy,ZW36BQ452,579,410.56,2024-09-25 14:06:36
1256,401713022,buy,F5WKFSYH3,8952,243.92,2024-09-25 14:06:36
1257,526432746,buy,P8IQEOOD9,8491,343.67,2024-09-25 14:06:36
1258,785793747,sell,UP9YH7JH9,3646,155.30,2024-09-25 14:06:36
1259,918183627,sell,UODSYUEM4,5728,286.28,2024-09-25 14:06:36
1260,258046094,buy,DW2MW5RK7,8628,315.83,2024-09-25 14:06:36
1261,891079055,sell,4DNUW90Q6,7343,488.21,2024-09-25 14:06:36
1262,423051326,sell,AHOSU0EB3,2471,43.61,2024-09-25 14:06:36
1263,505149815,sell,SWSH0X6G0,9582,185.18,2024-09-25 14:06:36
1264,257331147,sell,LTGJ6P2W3,5970,162.18,2024-09-25 14:06:36
1265,363770114,buy,9EIM6BNP4,7943,456.84,2024-09-25 14:06:36
1266,534361426,buy,SJXLRG7P1,7204,104.25,2024-09-25 14:06:36
1267,733453042,buy,LU2K8L6R6,2558,251.31,2024-09-25 14:06:36
1268,487975525,buy,G6QDZ1ZQ9,6637,487.90,2024-09-25 14:06:36
1269,779674358,sell,5NSC3QTT5,3695,261.58,2024-09-25 14:06:36
1270,550283362,buy,K7S6ANKH0,2863,317.23,2024-09-25 14:06:36
1271,612531606,buy,ERECY0BD8,8392,26.76,2024-09-25 14:06:36
1272,542906824,buy,WQUYR38H1,9003,117.28,2024-09-25 14:06:36
1273,479184461,buy,453531HS7,627,12.90,2024-09-25 14:06:36
1274,681505234,buy,B1TOWOU45,2409,128.58,2024-09-25 14:06:36
1275,543660255,buy,01530B2N1,4522,493.74,2024-09-25 14:06:36
1276,652164575,buy,5YVRNAF13,5577,466.97,2024-09-25 14:06:36
1277,266534448,buy,06H8P09B2,268,50.65,2024-09-25 14:06:36
1278,681387324,buy,KMDYE23T7,3155,168.33,2024-09-25 14:06:36
1279,685610845,sell,W229XRWE0,7036,352.59,2024-09-25 14:06:36
1280,199938678,buy,T9RJ0MC41,845,192.05,2024-09-25 14:06:36
1281,982972925,buy,CW097RW31,9828,73.04,2024-09-25 14:06:36
1282,596220192,buy,HG0TDR8C7,582,432.11,2024-09-25 14:06:36
1283,446923611,sell,LZWLEUN60,5825,58.98,2024-09-25 14:06:36
1284,731306852,buy,YSVPZQ420,1323,260.11,2024-09-25 14:06:36
1285,687337379,buy,LXB17KGP8,1327,387.07,2024-09-25 14:06:36
1286,241673109,sell,BEYLT67B0,2627,311.58,2024-09-25 14:06:36
1287,672978557,sell,OZ0VYY2X4,2542,258.86,2024-09-25 14:06:36
1288,233277516,sell,CB53ETSS3,7473,11.36,2024-09-25 14:06:36
1289,702918009,buy,6X8BL4BC1,1967,266.96,2024-09-25 14:06:36
1290,652629102,buy,3V04PDNC5,5045,47.51,2024-09-25 14:06:36
1291,803118436,sell,PJHRIDI66,6976,86.29,2024-09-25 14:06:36
1292,673309005,sell,LNEIBYRK4,583,455.59,2024-09-25 14:06:36
1293,370689912,buy,KW5P49Y16,1626,419.54,2024-09-25 14:06:36
1294,809789752,sell,X2K8D4CG1,865,214.76,2024-09-25 14:06:36
1295,102358623,buy,WB5WOZ3K6,5503,183.20,2024-09-25 14:06:36
1296,659829934,sell,32SFSY3X1,3068,204.94,2024-09-25 14:06:36
1297,124223957,buy,NQVF0LQ49,4626,187.19,2024-09-25 14:06:36
1298,351575068,sell,7VUHQL571,3243,307.41,2024-09-25 14:06:36
1299,511567657,sell,OP086EWB7,9538,453.94,2024-09-25 14:06:36
1300,519993346,buy,1S7I18AG8,7135,148.23,2024-09-25 14:06:36
1301,301522358,sell,2AUMGTUP7,1344,158.18,2024-09-25 14:06:36
1302,930817005,buy,NR3CA3NE5,1013,439.28,2024-09-25 14:06:36
1303,625163224,buy,EXXY5OMJ1,3386,16.47,2024-09-25 14:06:36
1304,261990534,buy,6MH8ITPZ5,956,296.28,2024-09-25 14:06:36
1305,160476005,buy,4R343MXT6,9297,349.20,2024-09-25 14:06:36
1306,356325208,buy,64ATL3052,2509,368.77,2024-09-25 14:06:36
1307,763391129,buy,JLEL0SRZ6,9994,287.54,2024-09-25 14:06:36
1308,175399465,buy,AIJAPQM34,3212,305.32,2024-09-25 14:06:36
1309,532435852,buy,MC5JKZB11,3188,236.71,2024-09-25 14:06:36
1310,704246377,buy,GHMNNOCS1,194,239.27,2024-09-25 14:06:36
1311,292708916,buy,IRHTAP203,7380,382.00,2024-09-25 14:06:36
1312,771647982,buy,DP1ES0BX6,3207,275.74,2024-09-25 14:06:36
1313,642745822,sell,E6VRVUJX7,4082,183.58,2024-09-25 14:06:36
1314,885510931,buy,44XJ977Q3,7191,271.45,2024-09-25 14:06:36
1315,576301423,sell,V4IUFQXW4,794,369.89,2024-09-25 14:06:36
1316,425732448,sell,UAR89L5G4,9540,123.16,2024-09-25 14:06:36
1317,541230916,sell,LGJ60SNE3,1185,303.95,2024-09-25 14:06:36
1318,149592444,buy,6ZCRP0OC6,362,184.83,2024-09-25 14:06:36
1319,119101355,buy,N6BO5UIJ7,7217,237.93,2024-09-25 14:06:36
1320,419883711,buy,E7YUMEH62,5454,428.22,2024-09-25 14:06:36
1321,548946042,buy,Y1I906EB1,7069,360.26,2024-09-25 14:06:36
1322,316130805,sell,U1YOWUCR3,2543,13.56,2024-09-25 14:06:36
1323,114694579,sell,0SARRZK50,2682,54.86,2024-09-25 14:06:36
1324,466483426,buy,VEY17UYN7,5465,401.62,2024-09-25 14:06:36
1325,611152572,sell,FL54YB3E1,8979,460.02,2024-09-25 14:06:36
1326,471143537,sell,X5YW6WOD6,1336,287.38,2024-09-25 14:06:36
1327,728802901,sell,G3U4IZV06,1364,414.80,2024-09-25 14:06:36
1328,173575083,buy,CZSF553R9,7693,230.82,2024-09-25 14:06:36
1329,641368670,sell,YGQORGBD4,842,24.29,2024-09-25 14:06:36
1330,892707031,buy,H3HO3SG21,8658,167.45,2024-09-25 14:06:36
1331,344341703,sell,HCQTY4ZH5,9030,65.28,2024-09-25 14:06:36
1332,199718746,sell,EV50Z1CI0,4234,312.15,2024-09-25 14:06:36
1333,993677267,sell,5YEIHXVS2,2985,135.18,2024-09-25 14:06:36
1334,372211508,sell,ZM2BL2EF3,5580,177.80,2024-09-25 14:06:36
1335,483415538,buy,BU2JOQXM2,6925,280.00,2024-09-25 14:06:36
1336,520162917,buy,A4YG31QO4,5664,34.49,2024-09-25 14:06:36
1337,454051204,sell,FIWE4KA50,5600,247.00,2024-09-25 14:06:36
1338,565707141,sell,687XRB5W0,1774,118.45,2024-09-25 14:06:36
1339,396659021,buy,RQHDB30A8,7118,438.10,2024-09-25 14:06:36
1340,679939735,sell,QUHVA29X4,3545,121.60,2024-09-25 14:06:36
1341,158618424,sell,909B0XDV4,9641,275.43,2024-09-25 14:06:36
1342,800325777,sell,ZBPW0EFZ8,2046,428.96,2024-09-25 14:06:36
1343,257782026,sell,YQ6QKV6E7,606,408.35,2024-09-25 14:06:36
1344,345067154,buy,8PVJF5QY3,4135,207.64,2024-09-25 14:06:36
1345,162073705,buy,DJZHZSS50,9893,161.58,2024-09-25 14:06:36
1346,395593388,sell,MZK3SSW13,8179,482.84,2024-09-25 14:06:36
1347,202626548,buy,ZFVPR9YT2,3700,65.97,2024-09-25 14:06:36
1348,644635788,sell,A877QJ985,2033,49.93,2024-09-25 14:06:36
1349,781986588,sell,U83NAUA25,2761,293.68,2024-09-25 14:06:36
1350,171680984,buy,0T6UWZDQ2,5169,472.31,2024-09-25 14:06:36
1351,131025853,buy,GCU9IL0N0,3861,416.01,2024-09-25 14:06:36
1352,328470313,sell,K6JP15LI6,7808,295.02,2024-09-25 14:06:36
1353,134064615,sell,WDR1ATM32,4858,445.75,2024-09-25 14:06:36
1354,912627529,buy,3IGXFAG20,5345,59.83,2024-09-25 14:06:36
1355,139477812,sell,G1G166D09,7306,455.74,2024-09-25 14:06:36
1356,889994664,sell,CRR0SQ3A7,5650,480.57,2024-09-25 14:06:36
1357,882190177,sell,61OZ9BCK9,2977,319.91,2024-09-25 14:06:36
1358,688414882,buy,DQP92SOP9,2923,120.17,2024-09-25 14:06:36
1359,203120976,buy,NB0IV55E2,3780,22.37,2024-09-25 14:06:36
1360,943483919,sell,WQURS1QE6,6963,124.70,2024-09-25 14:06:36
1361,435320454,sell,S0DVS68H0,1187,210.09,2024-09-25 14:06:36
1362,889464939,buy,52D7SIBJ0,6381,411.86,2024-09-25 14:06:36
1363,924561936,sell,J740RAKC2,1621,484.65,2024-09-25 14:06:36
1364,611411476,buy,GN59ZU8D9,5817,45.17,2024-09-25 14:06:36
1365,975330736,sell,BVJL1TS18,1352,239.24,2024-09-25 14:06:36
1366,340143772,buy,D0I512R51,573,73.24,2024-09-25 14:06:36
1367,739664574,sell,9HFUL5GA9,5845,289.65,2024-09-25 14:06:36
1368,685718388,buy,3XZDX1VE7,8115,148.62,2024-09-25 14:06:36
1369,895174574,buy,5CL43WMP6,8524,152.17,2024-09-25 14:06:36
1370,957772310,buy,7NIFEOE90,6901,165.71,2024-09-25 14:06:36
1371,269771937,sell,44PGU9XE8,1340,292.62,2024-09-25 14:06:36
1372,349909858,buy,QOU4JZOU0,5274,235.21,2024-09-25 14:06:36
1373,584773041,buy,2HL6Y8N22,1275,343.51,2024-09-25 14:06:36
1374,281713748,buy,TIUMQEEG1,2331,127.13,2024-09-25 14:06:36
1375,773521629,buy,RRL8QUFM4,819,134.79,2024-09-25 14:06:36
1376,243589664,buy,Z7CMGQMM0,8916,266.29,2024-09-25 14:06:36
1377,435947743,sell,0AZM72GA2,5189,63.30,2024-09-25 14:06:36
1378,382472855,buy,8E948KSF0,7353,430.57,2024-09-25 14:06:36
1379,117985953,sell,RTMQGIOI6,7154,112.04,2024-09-25 14:06:36
1380,742848439,buy,GSPLSJCY1,7949,42.16,2024-09-25 14:06:36
1381,713926463,buy,6HSWH0ML9,9431,493.65,2024-09-25 14:06:36
1382,229024709,sell,O2ZE00JL6,9548,56.47,2024-09-25 14:06:36
1383,656083736,sell,GMBW80ZR8,8652,285.43,2024-09-25 14:06:36
1384,856777181,sell,7T3LLXH32,9164,417.17,2024-09-25 14:06:36
1385,960298657,sell,BPPPLMT58,3555,136.58,2024-09-25 14:06:36
1386,787076173,sell,JN7CD8CQ6,2359,404.45,2024-09-25 14:06:36
1387,784299487,buy,OWRSTP032,3314,347.57,2024-09-25 14:06:36
1388,181826212,sell,1OGQBU294,3553,187.41,2024-09-25 14:06:36
1389,919828439,buy,KMOEXFVG6,9364,319.56,2024-09-25 14:06:36
1390,623686156,buy,9FVSZBRS1,8296,116.58,2024-09-25 14:06:36
1391,445897181,sell,0IER27DB2,3122,424.17,2024-09-25 14:06:36
1392,431167237,buy,PURWWHC78,5296,28.37,2024-09-25 14:06:36
1393,773434498,sell,J0YIW66H3,7726,262.74,2024-09-25 14:06:36
1394,504987877,buy,7JGKDTHH9,8407,78.95,2024-09-25 14:06:36
1395,594203675,sell,2J357K5E7,7990,122.17,2024-09-25 14:06:36
1396,234327227,buy,29SEOJCC3,4232,158.09,2024-09-25 14:06:36
1397,238104481,sell,HM31VZJO6,6719,230.81,2024-09-25 14:06:36
1398,983154106,sell,4Z021PGF9,6118,418.59,2024-09-25 14:06:36
1399,757135967,buy,DIL6MNB62,3952,14.71,2024-09-25 14:06:36
1400,948995990,sell,UUGXQ3ML8,6680,25.39,2024-09-25 14:06:36
1401,322420462,buy,YVEETL3V2,6625,294.40,2024-09-25 14:06:36
1402,922794621,sell,Y8X19X6C5,5384,238.55,2024-09-25 14:06:36
1403,140799177,sell,CV3BODUB1,4977,323.80,2024-09-25 14:06:36
1404,894902090,buy,J4IDKI5Z2,3858,456.99,2024-09-25 14:06:36
1405,110460045,buy,CD447GRC0,6533,435.52,2024-09-25 14:06:36
1406,343587281,buy,MTG80P3G6,835,410.56,2024-09-25 14:06:36
1407,238894174,sell,FEVQJP073,8314,243.61,2024-09-25 14:06:36
1408,812063972,sell,4ZG532RF2,9739,290.90,2024-09-25 14:06:36
1409,494502617,buy,ANE149F86,3654,306.66,2024-09-25 14:06:36
1410,290882797,sell,AFUK0UG06,8521,364.32,2024-09-25 14:06:36
1411,417495640,buy,X9QWMGW29,3720,417.49,2024-09-25 14:06:36
1412,552226018,buy,O9TFW1814,4033,214.39,2024-09-25 14:06:36
1413,336525386,sell,CDC1WV2B5,1744,35.29,2024-09-25 14:06:36
1414,839373565,buy,Y59JGQ5E3,9468,436.67,2024-09-25 14:06:36
1415,738899049,buy,UD1SHI5D7,7767,59.97,2024-09-25 14:06:36
1416,969766054,sell,087VOBRM1,479,471.09,2024-09-25 14:06:36
1417,366704960,buy,ZHK9QCRF8,8769,467.76,2024-09-25 14:06:36
1418,456414820,buy,GOJES7ZU2,4909,227.65,2024-09-25 14:06:36
1419,991128423,buy,9PMQQ7GK1,9110,31.63,2024-09-25 14:06:36
1420,834741634,buy,357QJZFH2,4008,391.35,2024-09-25 14:06:36
1421,677907244,sell,PNP9C95M2,7978,446.10,2024-09-25 14:06:36
1422,254500772,sell,4HVL9J8A9,9604,73.65,2024-09-25 14:06:36
1423,628769021,buy,LSY0M6BS9,9958,258.50,2024-09-25 14:06:36
1424,378757068,buy,3E84G2141,8706,144.89,2024-09-25 14:06:36
1425,776863783,sell,C2MJEASA9,7540,401.64,2024-09-25 14:06:36
1426,495107671,buy,Z679YADK6,5131,382.74,2024-09-25 14:06:36
1427,179145629,sell,Q1HX1R1H2,4554,349.87,2024-09-25 14:06:36
1428,604737359,buy,UYMJCZEL7,1351,327.17,2024-09-25 14:06:36
1429,776780222,buy,TA8CW2MU4,8065,174.16,2024-09-25 14:06:36
1430,337974977,sell,AXCM2JBI2,3871,374.04,2024-09-25 14:06:36
1431,581874162,buy,VBKCBEPK1,6104,287.73,2024-09-25 14:06:36
1432,909070598,sell,IOAY9ORF1,5011,27.98,2024-09-25 14:06:36
1433,145955183,sell,EDBXOP0R3,5960,69.70,2024-09-25 14:06:36
1434,454465431,buy,LO4T42X79,3398,307.32,2024-09-25 14:06:36
1435,446914854,buy,YFX818N46,9221,353.65,2024-09-25 14:06:36
1436,439015293,buy,NVVPN9O65,1782,290.04,2024-09-25 14:06:36
1437,828456909,buy,PF9A98J03,7546,142.90,2024-09-25 14:06:36
1438,660942521,sell,9IAI45SX5,8166,209.45,2024-09-25 14:06:36
1439,944901921,buy,RXQW3YDN0,6243,439.07,2024-09-25 14:06:36
1440,478098966,sell,XNVO90QL5,9584,168.88,2024-09-25 14:06:36
1441,547862265,buy,Y30JPT7Y5,3649,23.54,2024-09-25 14:06:36
1442,912170854,buy,UY7X9YOI6,2929,370.31,2024-09-25 14:06:36
1443,286605540,sell,LRB8EX5B3,8896,189.89,2024-09-25 14:06:36
1444,319887352,sell,AJYVUPMP6,2053,215.52,2024-09-25 14:06:36
1445,257017044,sell,LXAHJGRO1,5229,84.86,2024-09-25 14:06:36
1446,598329366,buy,ZKLLXG552,2313,396.09,2024-09-25 14:06:36
1447,989098486,buy,P3CG0EWS3,4754,460.04,2024-09-25 14:06:36
1448,950735555,sell,2PD0JV597,4631,134.27,2024-09-25 14:06:36
1449,483365672,sell,UT5P3LHB3,4184,312.44,2024-09-25 14:06:36
1450,285577228,sell,RH0IE9OZ8,5285,356.70,2024-09-25 14:06:36
1451,652388246,buy,YFKBLDUV2,3187,46.99,2024-09-25 14:06:36
1452,530197849,sell,GBS6M6MU9,847,77.29,2024-09-25 14:06:36
1453,483377537,buy,6W1HAOW16,6540,490.58,2024-09-25 14:06:36
1454,777374999,sell,RWFKPDFC4,7842,24.74,2024-09-25 14:06:36
1455,338624859,sell,X6QU6LB94,415,138.95,2024-09-25 14:06:36
1456,333558204,buy,09CGJSVV0,6836,496.24,2024-09-25 14:06:36
1457,644184335,sell,JA0HGDH65,6335,185.34,2024-09-25 14:06:36
1458,443480001,buy,NAU9HLI57,1878,487.43,2024-09-25 14:06:36
1459,335397832,sell,ZAPACBFK4,9642,334.44,2024-09-25 14:06:36
1460,251251331,buy,RBHTTYSO9,5147,348.31,2024-09-25 14:06:36
1461,169041731,sell,QBATKPUK0,6052,332.21,2024-09-25 14:06:36
1462,591356168,buy,NHUVSSKS3,1136,488.00,2024-09-25 14:06:36
1463,930589554,sell,617K1R977,8397,161.19,2024-09-25 14:06:36
1464,479174063,sell,LWB5SCD12,1424,363.86,2024-09-25 14:06:36
1465,239355801,buy,PR5QBQTY8,2043,17.25,2024-09-25 14:06:36
1466,790316670,sell,EY6C1JW28,2631,299.29,2024-09-25 14:06:36
1467,409657849,sell,LTU7J0MT9,7710,397.01,2024-09-25 14:06:36
1468,256181325,buy,QB0RKW6M3,2995,383.52,2024-09-25 14:06:36
1469,365687137,sell,B2LVHA3I1,3066,496.05,2024-09-25 14:06:36
1470,295589884,sell,HL6T7U8N6,3984,80.07,2024-09-25 14:06:36
1471,891783110,sell,5WD4GKFD8,2319,471.76,2024-09-25 14:06:36
1472,786103598,buy,PRBYL2HE3,150,82.33,2024-09-25 14:06:36
1473,864341708,sell,3VYE26TI7,3722,25.51,2024-09-25 14:06:36
1474,296719794,sell,7PD1WF103,5442,391.79,2024-09-25 14:06:36
1475,801168330,sell,F4QSG58J0,4863,462.38,2024-09-25 14:06:36
1476,836165974,sell,8A1C9MNR2,3375,28.28,2024-09-25 14:06:36
1477,855511753,sell,X4NOTZBS8,7812,354.03,2024-09-25 14:06:36
1478,629906663,buy,2277HIGC2,8619,295.10,2024-09-25 14:06:36
1479,781282150,buy,2HJPD2TU1,3446,215.36,2024-09-25 14:06:36
1480,102386129,sell,CP77140A9,7230,182.43,2024-09-25 14:06:36
1481,620889246,buy,PCC8NYXZ5,4763,164.03,2024-09-25 14:06:36
1482,309121135,buy,51U7RMBK2,9564,328.40,2024-09-25 14:06:36
1483,511380829,buy,XAU95FZM6,1583,156.84,2024-09-25 14:06:36
1484,802072203,sell,29KENNRZ6,6644,192.72,2024-09-25 14:06:36
1485,873950357,sell,LHL1ORO53,1582,57.50,2024-09-25 14:06:36
1486,928730981,sell,QT4AALFJ9,339,61.11,2024-09-25 14:06:36
1487,401214562,sell,UXNQO7S51,6483,261.38,2024-09-25 14:06:36
1488,302345300,buy,YIQP67TQ2,3706,148.84,2024-09-25 14:06:36
1489,772347437,buy,TV7GI86B3,9329,307.45,2024-09-25 14:06:36
1490,986158581,buy,4MS38DJN6,4729,354.37,2024-09-25 14:06:36
1491,253993461,sell,GBRTE8NH3,7335,47.38,2024-09-25 14:06:36
1492,529284296,sell,UDDYGILN2,369,493.43,2024-09-25 14:06:36
1493,499319046,buy,2KTQYBUC6,1631,106.52,2024-09-25 14:06:36
1494,384984090,buy,H9WKGS3H6,8675,213.64,2024-09-25 14:06:36
1495,908390240,sell,SHUQ5MW70,6253,149.74,2024-09-25 14:06:36
1496,143280704,sell,Q368GR7U4,7213,392.46,2024-09-25 14:06:36
1497,364234862,buy,GT5I8SAQ9,1786,37.16,2024-09-25 14:06:36
1498,184662898,buy,7IPP90LK6,2871,476.54,2024-09-25 14:06:36
1499,556728779,buy,MC3HX8RH1,7845,196.52,2024-09-25 14:06:36
1500,511475745,sell,GQ50SSLI8,2560,180.69,2024-09-25 14:06:36
1501,986050304,sell,Y1RHY56K7,2440,386.05,2024-09-25 14:06:36
1502,954999909,buy,F3PLG83W8,6770,261.15,2024-09-25 14:06:36
1503,956431026,buy,A0L436OV8,4483,106.75,2024-09-25 14:06:36
1504,130198278,sell,BHT7MEEL0,222,289.53,2024-09-25 14:06:36
1505,474298232,buy,1V22WFXM3,982,426.53,2024-09-25 14:06:36
1506,430091936,buy,93NDC9J83,6609,479.51,2024-09-25 14:06:36
1507,675898910,buy,78CZI71Y7,6722,387.06,2024-09-25 14:06:36
1508,431720478,sell,GC3CG2DI4,9629,435.46,2024-09-25 14:06:36
1509,792141526,sell,8IVWWSEY4,3374,18.91,2024-09-25 14:06:36
1510,453796788,sell,GMQSKC8K6,2630,423.05,2024-09-25 14:06:36
1511,910935173,sell,RS3O052A0,6611,45.96,2024-09-25 14:06:36
1512,685771870,buy,OZ5DFAN35,3614,233.29,2024-09-25 14:06:36
1513,623508109,buy,0ACPI1AR9,38,468.88,2024-09-25 14:06:36
1514,498030514,sell,23DI1A923,8858,367.32,2024-09-25 14:06:36
1515,127216162,sell,CFI91YBA7,4360,147.78,2024-09-25 14:06:36
1516,712052462,buy,7OORE4L75,9028,242.16,2024-09-25 14:06:36
1517,533537489,buy,C104GIUZ1,6023,199.44,2024-09-25 14:06:36
1518,349322869,sell,G31THV379,1910,400.10,2024-09-25 14:06:36
1519,664251705,buy,WGG411FC0,4779,445.55,2024-09-25 14:06:36
1520,939934827,buy,0JN4LM1X2,9630,471.06,2024-09-25 14:06:36
1521,990699309,buy,RLN3NLMD1,5071,101.62,2024-09-25 14:06:36
1522,795092023,buy,EAUGDWBJ8,415,70.05,2024-09-25 14:06:36
1523,138131896,buy,59W475880,9194,44.09,2024-09-25 14:06:36
1524,102431144,buy,K60MVLR40,1422,91.84,2024-09-25 14:06:36
1525,694207961,sell,5NUI24CZ3,4346,144.70,2024-09-25 14:06:36
1526,734529791,sell,VWISQEO02,722,291.21,2024-09-25 14:06:36
1527,863375334,sell,78SAGIAB3,4630,492.72,2024-09-25 14:06:36
1528,245735345,sell,89NW5STY7,2033,301.27,2024-09-25 14:06:36
1529,968714273,buy,VWYJU9WJ0,6864,67.20,2024-09-25 14:06:36
1530,458661441,sell,1H5QZKQC4,3616,171.87,2024-09-25 14:06:36
1531,982328547,buy,UUTMCDE06,1038,186.05,2024-09-25 14:06:36
1532,885077675,buy,YLTNJH8V3,3197,192.57,2024-09-25 14:06:36
1533,600366365,buy,8SG5YK8Y0,7391,366.52,2024-09-25 14:06:36
1534,120678045,sell,OABGU30D8,3709,47.19,2024-09-25 14:06:36
1535,544181165,buy,VIZG02C80,5500,255.51,2024-09-25 14:06:36
1536,870338119,buy,GL3STZY08,6838,93.74,2024-09-25 14:06:36
1537,649066859,buy,RWMNR2ZD8,8390,149.73,2024-09-25 14:06:36
1538,385213675,sell,9LY058D02,6336,367.04,2024-09-25 14:06:36
1539,209851294,sell,1GLYZ2T12,7770,165.43,2024-09-25 14:06:36
1540,965287214,sell,1OIR91T15,6043,365.26,2024-09-25 14:06:36
1541,514432584,buy,N537Q3E72,8664,241.71,2024-09-25 14:06:36
1542,453418646,sell,N2ZVCPTD8,7556,453.50,2024-09-25 14:06:36
1543,141345695,buy,9SZJ5G7Z7,8826,438.78,2024-09-25 14:06:36
1544,180727045,sell,DEVR072F3,3896,202.63,2024-09-25 14:06:36
1545,239874180,buy,XC093OSZ7,9853,199.12,2024-09-25 14:06:36
1546,224722332,sell,LGD8EDVA2,5600,493.16,2024-09-25 14:06:36
1547,817803578,buy,U02NUIDH2,4527,178.76,2024-09-25 14:06:36
1548,116435855,sell,JVPX0K7C6,4902,342.49,2024-09-25 14:06:36
1549,284308657,buy,ASQLUKF01,444,45.58,2024-09-25 14:06:36
1550,992262495,sell,JNINFSW90,8831,192.50,2024-09-25 14:06:36
1551,154519505,buy,30SX6IRV3,3462,22.01,2024-09-25 14:06:36
1552,607847568,buy,YTM55S017,5472,351.04,2024-09-25 14:06:36
1553,117246492,buy,JS6F61MC2,3806,140.38,2024-09-25 14:06:36
1554,417930210,sell,X57E4BKH9,2850,152.31,2024-09-25 14:06:36
1555,296526563,sell,0BWWC5HR0,6613,230.10,2024-09-25 14:06:36
1556,938146948,sell,G5P34JOY4,4589,222.37,2024-09-25 14:06:36
1557,685973326,sell,O33A9ZQQ2,2267,380.65,2024-09-25 14:06:36
1558,223982217,buy,00ANMD1A4,6830,135.56,2024-09-25 14:06:36
1559,477596024,sell,V2CXH66X8,4155,285.70,2024-09-25 14:06:36
1560,495351931,sell,NVYK4OJM2,2991,373.21,2024-09-25 14:06:36
1561,644790727,sell,ORVNB01A6,9667,55.12,2024-09-25 14:06:36
1562,168148262,sell,UJDOPFAA7,8717,126.64,2024-09-25 14:06:36
1563,329060258,sell,U3PXNAEG5,4494,444.59,2024-09-25 14:06:36
1564,521911887,buy,VXNZGFCM1,1260,282.89,2024-09-25 14:06:36
1565,162922572,buy,S25NTR0H4,2838,63.97,2024-09-25 14:06:36
1566,447915012,sell,4E4YAUXI6,4827,360.14,2024-09-25 14:06:36
1567,650086213,buy,ASR3LY5W1,9356,12.07,2024-09-25 14:06:36
1568,271151899,sell,NK6ZYFA56,4922,43.20,2024-09-25 14:06:36
1569,102388445,sell,NEAJ8P7I4,6461,170.59,2024-09-25 14:06:36
1570,554203310,sell,2ZLA2N1L7,7198,134.58,2024-09-25 14:06:36
1571,724207489,sell,1125CYOA9,2471,20.79,2024-09-25 14:06:36
1572,779855095,buy,VDCHBRWH5,3937,237.39,2024-09-25 14:06:36
1573,277727674,sell,QZ2ACM0E0,3371,360.35,2024-09-25 14:06:36
1574,737634154,sell,CJ03B5GU4,3590,397.63,2024-09-25 14:06:36
1575,164860528,sell,A590MLI34,1161,198.08,2024-09-25 14:06:36
1576,445032945,sell,R15C4M691,4550,136.21,2024-09-25 14:06:36
1577,633881681,sell,SNDI1V0U2,7628,165.88,2024-09-25 14:06:36
1578,118969185,buy,QSKFHC5A5,1476,114.94,2024-09-25 14:06:36
1579,222073871,sell,VYTXINME6,7512,393.20,2024-09-25 14:06:36
1580,207663532,sell,3LUHR9672,9124,20.44,2024-09-25 14:06:36
1581,894684191,sell,XEZ0EJQT9,6534,295.15,2024-09-25 14:06:36
1582,230562939,sell,WKQSJ2E03,1180,245.89,2024-09-25 14:06:36
1583,612162795,sell,GUO6CARX2,11,486.33,2024-09-25 14:06:36
1584,337029872,sell,E4H3AVXD0,9719,88.46,2024-09-25 14:06:36
1585,497045986,buy,KH4CHMIK2,7525,378.05,2024-09-25 14:06:36
1586,721069832,sell,Y1UL65T61,8672,123.26,2024-09-25 14:06:36
1587,942006719,sell,U9UYQJH20,3993,332.02,2024-09-25 14:06:36
1588,416689935,buy,Q9Z6UWV47,2465,483.99,2024-09-25 14:06:36
1589,866704310,sell,NGTXY8BF8,2468,470.01,2024-09-25 14:06:36
1590,724964464,sell,T9PYR6AZ9,9869,14.13,2024-09-25 14:06:36
1591,267341210,sell,LA3QXEOJ2,8625,270.13,2024-09-25 14:06:36
1592,118396883,buy,7RGXGJYR1,528,172.31,2024-09-25 14:06:36
1593,697758448,sell,QWOTYAWJ8,5258,58.55,2024-09-25 14:06:36
1594,768367508,sell,NDHG62WU3,244,156.44,2024-09-25 14:06:36
1595,237236553,buy,TGIJPRCV7,7257,177.26,2024-09-25 14:06:36
1596,115341556,sell,8XA1NVMM2,1676,403.84,2024-09-25 14:06:36
1597,805242756,sell,8Z1J8BAQ3,1859,116.45,2024-09-25 14:06:36
1598,306513411,sell,ONRY8XB33,3212,269.71,2024-09-25 14:06:36
1599,616535340,buy,CJ7TD4TF0,267,317.29,2024-09-25 14:06:36
1600,275775320,buy,PC3CZARR0,4991,345.02,2024-09-25 14:06:36
1601,483260237,buy,KYL0ATZM1,6511,393.75,2024-09-25 14:06:36
1602,163674748,sell,HY5TXUGH4,4570,158.46,2024-09-25 14:06:36
1603,371711046,sell,TA00V3MX1,9270,401.13,2024-09-25 14:06:36
1604,484937480,sell,AE2SK34Z7,1624,65.69,2024-09-25 14:06:36
1605,581423073,buy,7SUTQ0QH3,574,30.62,2024-09-25 14:06:36
1606,262155393,buy,5EV8GXX17,4599,308.71,2024-09-25 14:06:36
1607,216154042,sell,9KM2KYNC2,4170,429.14,2024-09-25 14:06:36
1608,631645085,sell,9CENKS0V9,4609,376.99,2024-09-25 14:06:36
1609,724105800,buy,IMHYOIK46,715,20.92,2024-09-25 14:06:36
1610,265152361,buy,CF4FPHN57,5277,75.79,2024-09-25 14:06:36
1611,988325197,buy,OZKKLGGB2,8686,348.35,2024-09-25 14:06:36
1612,538706767,buy,6V9LK0744,4991,472.39,2024-09-25 14:06:36
1613,641440225,buy,N0T7IBG25,7855,74.12,2024-09-25 14:06:36
1614,811226223,buy,R6AMH4ES7,5732,120.73,2024-09-25 14:06:36
1615,906088717,sell,339THZ1Y9,1032,475.73,2024-09-25 14:06:36
1616,711784884,buy,0DLDW7ZX1,821,149.96,2024-09-25 14:06:36
1617,719117937,sell,RXL7Q4K03,9331,313.17,2024-09-25 14:06:36
1618,578280127,buy,2ZV6O2GV9,5714,367.16,2024-09-25 14:06:36
1619,602366403,sell,E7HTOLSQ0,4253,284.18,2024-09-25 14:06:36
1620,459825670,buy,3ZFZPF2C9,9956,342.85,2024-09-25 14:06:36
1621,526935739,sell,MC76Y9OU2,1438,434.06,2024-09-25 14:06:36
1622,704719157,sell,OLPKYQ3O8,6214,402.52,2024-09-25 14:06:36
1623,193280306,sell,VNKGYWNP2,6399,45.42,2024-09-25 14:06:36
1624,808639201,sell,DAF2RTH87,6973,428.93,2024-09-25 14:06:36
1625,916058487,buy,E4V3HFOH3,2474,342.86,2024-09-25 14:06:36
1626,705764901,buy,UQJBSXB77,9905,491.86,2024-09-25 14:06:36
1627,815738427,buy,OC171YOO9,4710,487.23,2024-09-25 14:06:36
1628,181963418,buy,VZC2C1G83,9009,288.13,2024-09-25 14:06:36
1629,591865219,sell,L68V4RNR1,7098,343.76,2024-09-25 14:06:36
1630,127147686,buy,9VBM5PUW0,5027,340.10,2024-09-25 14:06:36
1631,116232692,buy,WMJ57QTY7,1699,358.79,2024-09-25 14:06:36
1632,970087345,sell,EXN2ZZSU3,2273,191.19,2024-09-25 14:06:36
1633,889589828,sell,2ADIEL4Y4,3151,484.86,2024-09-25 14:06:36
1634,804930208,buy,MOORE41Q8,326,150.09,2024-09-25 14:06:36
1635,210315173,sell,V05LM6J32,1903,169.82,2024-09-25 14:06:36
1636,506440492,buy,DJJ7R7K61,8757,413.41,2024-09-25 14:06:36
1637,507474498,buy,B8OBO0EE0,9550,125.78,2024-09-25 14:06:36
1638,132478647,sell,SK5ZFJF27,2389,356.25,2024-09-25 14:06:36
1639,238646217,buy,MZK3WPT59,6408,136.36,2024-09-25 14:06:36
1640,802981782,sell,V1WWHUEN0,2922,419.94,2024-09-25 14:06:36
1641,464921170,buy,9081LZNK2,3575,372.86,2024-09-25 14:06:36
1642,632919118,buy,UJG7GI5L7,4494,101.12,2024-09-25 14:06:36
1643,129981570,buy,5RY323NI1,6623,81.21,2024-09-25 14:06:36
1644,361962442,sell,M35NY1493,1408,438.32,2024-09-25 14:06:36
1645,579778795,buy,4K9ZTRFM2,1265,451.95,2024-09-25 14:06:36
1646,209374602,buy,QOWUU2UT6,5009,461.84,2024-09-25 14:06:36
1647,738216176,buy,PN0T7S291,5535,405.71,2024-09-25 14:06:36
1648,471226833,sell,MQZXKET22,8212,467.62,2024-09-25 14:06:36
1649,921451581,sell,3HVF733Y3,929,342.29,2024-09-25 14:06:36
1650,370090474,sell,LPF160QS9,3518,312.53,2024-09-25 14:06:36
1651,703806056,sell,051AOGKX1,5887,215.65,2024-09-25 14:06:36
1652,742740568,buy,B116ZY7L7,6674,361.11,2024-09-25 14:06:36
1653,573641820,sell,GTZN6L745,4215,23.82,2024-09-25 14:06:36
1654,739322255,buy,Z4N748AJ1,6353,286.58,2024-09-25 14:06:36
1655,784360793,sell,FR138IN63,714,451.29,2024-09-25 14:06:36
1656,128182070,sell,EZ0W67T06,706,132.88,2024-09-25 14:06:36
1657,734362180,sell,AS2KRPTD9,887,38.98,2024-09-25 14:06:36
1658,592275791,buy,QQ6QADO80,1424,287.86,2024-09-25 14:06:36
1659,148081505,buy,HO1ZR7FU6,2967,380.57,2024-09-25 14:06:36
1660,555554780,buy,71T2V6W12,9077,483.06,2024-09-25 14:06:36
1661,801022438,sell,OHWEH9LV4,2110,28.76,2024-09-25 14:06:36
1662,977656195,sell,GSMMSPBE3,2850,323.25,2024-09-25 14:06:36
1663,550043995,sell,M8J0ALE72,1741,385.53,2024-09-25 14:06:36
1664,213091489,sell,VYLE29I90,8960,466.97,2024-09-25 14:06:36
1665,780009697,buy,WL4JO3507,6089,393.53,2024-09-25 14:06:36
1666,674768794,buy,WSCUN4AU5,4388,171.84,2024-09-25 14:06:36
1667,204823834,sell,6D69G7SZ2,3661,152.12,2024-09-25 14:06:36
1668,714346322,sell,NUTHWJLL6,9138,306.61,2024-09-25 14:06:36
1669,373667123,buy,KIABAV070,8329,149.35,2024-09-25 14:06:36
1670,936788976,sell,22QMTQZB8,1034,13.14,2024-09-25 14:06:36
1671,781472826,buy,O87RRYRR0,6478,108.72,2024-09-25 14:06:36
1672,441071170,buy,NWYN2WJE6,2586,377.72,2024-09-25 14:06:36
1673,486676266,sell,9TMPZX6C7,9283,312.17,2024-09-25 14:06:36
1674,400840534,sell,H90PEHS63,1290,437.07,2024-09-25 14:06:36
1675,687376753,buy,KDSBONFC8,9075,407.01,2024-09-25 14:06:36
1676,343614695,sell,V77AYFB91,7056,39.40,2024-09-25 14:06:36
1677,912928527,buy,RDFEWAUY3,9050,190.82,2024-09-25 14:06:36
1678,245298590,sell,V5R610267,3873,497.51,2024-09-25 14:06:36
1679,604819347,sell,GDO5U66Q9,9791,162.79,2024-09-25 14:06:36
1680,753046582,buy,1CM0F4BN3,5740,84.07,2024-09-25 14:06:36
1681,986498993,buy,XTSYS3EJ5,875,166.22,2024-09-25 14:06:36
1682,304858761,sell,TVJFUZVH7,4506,162.74,2024-09-25 14:06:36
1683,871945054,buy,OSU4A2TG1,6604,475.76,2024-09-25 14:06:36
1684,216229437,buy,5MMSA7170,4586,64.46,2024-09-25 14:06:36
1685,914563531,buy,8ZC6N4PT6,1989,139.88,2024-09-25 14:06:36
1686,847393367,buy,0XWRXF8A5,177,217.66,2024-09-25 14:06:36
1687,274303609,buy,Y5YQ2HDN5,4822,376.53,2024-09-25 14:06:36
1688,854023005,sell,FSBCI0I98,9895,356.33,2024-09-25 14:06:36
1689,125786604,buy,4WSGA31M5,4180,114.48,2024-09-25 14:06:36
1690,891479626,sell,I93I3XCQ5,5208,421.60,2024-09-25 14:06:36
1691,943247278,sell,MDJFBJHS3,5416,333.69,2024-09-25 14:06:36
1692,888906476,buy,9WAOJPF98,2195,372.10,2024-09-25 14:06:36
1693,723788022,buy,REEGZUPK6,3565,420.53,2024-09-25 14:06:36
1694,883332302,sell,DWLUX3K37,2055,301.13,2024-09-25 14:06:36
1695,628586303,sell,NW1GKSWA9,2337,147.63,2024-09-25 14:06:36
1696,269886557,sell,UXSXUH2X9,8561,193.84,2024-09-25 14:06:36
1697,220927073,buy,6J1VTY7M4,8621,96.33,2024-09-25 14:06:36
1698,374154458,sell,BVQFJ40G6,4690,177.66,2024-09-25 14:06:36
1699,591814801,sell,4OZL223F8,7987,17.59,2024-09-25 14:06:36
1700,343493225,buy,FI6BFUAD4,1147,354.21,2024-09-25 14:06:36
1701,962369116,buy,NQ0TFLQM7,6,404.35,2024-09-25 14:06:36
1702,705389169,sell,XBOPNLXQ5,7678,100.75,2024-09-25 14:06:36
1703,357038549,sell,LEYAFBT56,7343,101.29,2024-09-25 14:06:36
1704,761472958,sell,S1K5MLJ96,600,445.43,2024-09-25 14:06:36
1705,670589052,sell,HM9MSP1P6,3576,218.72,2024-09-25 14:06:36
1706,540599066,sell,FAWBDCZS4,1712,288.85,2024-09-25 14:06:36
1707,871677025,buy,QGQQ97ME4,7196,142.85,2024-09-25 14:06:36
1708,378138832,sell,NCWV9F6F5,4042,205.14,2024-09-25 14:06:36
1709,589731729,sell,MB8SYPA59,4999,70.54,2024-09-25 14:06:36
1710,200322603,sell,O0O6HDAQ1,149,115.18,2024-09-25 14:06:36
1711,206791184,buy,YM30QHAT3,2132,62.67,2024-09-25 14:06:36
1712,621612746,buy,MIBYH33F1,5128,297.39,2024-09-25 14:06:36
1713,307240626,sell,AQUGHDXP7,6037,15.19,2024-09-25 14:06:36
1714,485793178,buy,EZ7PK72S6,3914,352.41,2024-09-25 14:06:36
1715,285901271,sell,H24R23QU3,2840,323.22,2024-09-25 14:06:36
1716,982078615,sell,ENFZ4K3J0,1314,71.09,2024-09-25 14:06:36
1717,332361653,buy,DVJA88BV1,1507,11.36,2024-09-25 14:06:36
1718,470198735,buy,2FE5DUUY2,666,401.47,2024-09-25 14:06:36
1719,296203336,buy,5S684CRP7,7671,193.58,2024-09-25 14:06:36
1720,502735035,sell,QRTIDU1F9,4564,496.97,2024-09-25 14:06:36
1721,830493095,sell,FKT4Y6KW9,422,104.62,2024-09-25 14:06:36
1722,569464885,sell,FOZJ59C97,4187,392.93,2024-09-25 14:06:36
1723,600499890,sell,M5K0A0S69,8857,404.18,2024-09-25 14:06:36
1724,778213916,sell,7LAYZ8GH3,3806,180.33,2024-09-25 14:06:36
1725,122097985,buy,CJ0XHOOE8,7482,287.03,2024-09-25 14:06:36
1726,640699652,buy,O9YIKM9A8,523,457.08,2024-09-25 14:06:36
1727,859500100,sell,BS0V2PZW4,7653,100.88,2024-09-25 14:06:36
1728,113186059,buy,3RKXF0SQ1,3546,287.09,2024-09-25 14:06:36
1729,558869540,sell,GSFM4CJ32,7523,26.36,2024-09-25 14:06:36
1730,614850633,sell,9ABJX0G78,5994,478.08,2024-09-25 14:06:36
1731,173401746,sell,6P49CDAP9,7999,209.80,2024-09-25 14:06:36
1732,660677867,sell,NJ5GNFQ08,731,266.77,2024-09-25 14:06:36
1733,824611640,buy,CH10HS5E5,7065,452.30,2024-09-25 14:06:36
1734,698592623,buy,5FSA6Z1Y2,6046,19.58,2024-09-25 14:06:36
1735,799805613,buy,FDVP7JB23,379,209.11,2024-09-25 14:06:36
1736,990643412,buy,0MV0MZPD2,2254,282.09,2024-09-25 14:06:36
1737,439350325,sell,XQ654UAB5,5185,96.83,2024-09-25 14:06:36
1738,649189734,buy,FBPXESL36,6893,12.54,2024-09-25 14:06:36
1739,603207585,sell,AQ28U2V77,5795,256.66,2024-09-25 14:06:36
1740,969962762,buy,A4D0HVDR8,8852,325.20,2024-09-25 14:06:36
1741,324682065,buy,KPXX1IU44,950,10.12,2024-09-25 14:06:36
1742,807903100,buy,SH8XZN054,592,302.31,2024-09-25 14:06:36
1743,130071823,sell,PMSV9QE06,2565,233.87,2024-09-25 14:06:36
1744,918435992,sell,YUVR16EZ8,5763,12.27,2024-09-25 14:06:36
1745,693221690,buy,DSE889R64,3921,475.95,2024-09-25 14:06:36
1746,402539080,buy,KPTYP5DI7,5650,297.00,2024-09-25 14:06:36
1747,766581107,sell,B6X9T0M70,9779,269.34,2024-09-25 14:06:36
1748,891903126,buy,DFTWR3R81,8778,481.89,2024-09-25 14:06:36
1749,264193169,sell,R6ET1LOZ0,3829,228.50,2024-09-25 14:06:36
1750,394754541,buy,UMUB7K2G4,9452,19.68,2024-09-25 14:06:36
1751,229756925,buy,84PIO6V88,4983,90.59,2024-09-25 14:06:36
1752,722564819,buy,UU2BV2CY0,3464,405.93,2024-09-25 14:06:36
1753,235377454,sell,GYVYGRLT9,1833,135.59,2024-09-25 14:06:36
1754,126135104,buy,RIHS6H323,4976,90.70,2024-09-25 14:06:36
1755,790237508,sell,423H95W15,989,26.99,2024-09-25 14:06:36
1756,389497787,buy,0NL31SMS4,5403,306.32,2024-09-25 14:06:36
1757,929403791,buy,6QF38O6E9,4018,26.16,2024-09-25 14:06:36
1758,900832981,buy,XHI5YYQX6,4965,169.25,2024-09-25 14:06:36
1759,466806239,buy,VKRQDSP61,6668,205.50,2024-09-25 14:06:36
1760,823776134,sell,7DTSFG5A5,5158,161.29,2024-09-25 14:06:36
1761,246300417,buy,91P9X72O8,8307,115.13,2024-09-25 14:06:36
1762,582290136,sell,AFCLJ6T45,6198,465.13,2024-09-25 14:06:36
1763,242346402,sell,8ACEZP350,7522,492.50,2024-09-25 14:06:36
1764,955924574,sell,9X2150YL7,8270,399.59,2024-09-25 14:06:36
1765,446268156,sell,002YX0ED5,4999,477.00,2024-09-25 14:06:36
1766,833524780,sell,GX2ID6NO6,5259,475.63,2024-09-25 14:06:36
1767,895984647,buy,IDH651FM1,4406,148.23,2024-09-25 14:06:36
1768,236582783,sell,5W5WBLSU6,9218,471.21,2024-09-25 14:06:36
1769,854756562,buy,EKIEYN500,2350,149.90,2024-09-25 14:06:36
1770,392646375,buy,4X0CJSKZ8,9952,210.28,2024-09-25 14:06:36
1771,934189855,buy,4WESRFYF8,5955,215.88,2024-09-25 14:06:36
1772,406295239,buy,M7X4NEDX6,9820,188.16,2024-09-25 14:06:36
1773,642470905,sell,MIH4AQCP5,6429,165.43,2024-09-25 14:06:36
1774,106244919,buy,LZU5MHVO9,8447,412.76,2024-09-25 14:06:36
1775,495783804,buy,XL0807BR5,5948,449.48,2024-09-25 14:06:36
1776,384855713,sell,SI0SHU8J7,6315,218.05,2024-09-25 14:06:36
1777,816866384,sell,EHT03PR26,8186,329.79,2024-09-25 14:06:36
1778,350491267,buy,SI94MSXJ2,5754,39.16,2024-09-25 14:06:36
1779,638598036,buy,V9E46HBD1,8047,90.44,2024-09-25 14:06:36
1780,783347432,buy,Q09HL10J0,9722,301.62,2024-09-25 14:06:36
1781,808406008,sell,C5SAJ9062,2450,29.53,2024-09-25 14:06:36
1782,303788167,sell,HXNM8G996,8547,208.71,2024-09-25 14:06:36
1783,227251753,sell,KG8HOID17,8291,364.20,2024-09-25 14:06:36
1784,213711185,sell,6TVO77GX4,5418,398.37,2024-09-25 14:06:36
1785,452189522,sell,A6IP3OJS6,2914,148.60,2024-09-25 14:06:36
1786,212461806,sell,1ESFNAA32,5329,66.97,2024-09-25 14:06:36
1787,702809496,sell,JIYUDNEJ8,7222,381.42,2024-09-25 14:06:36
1788,844083775,sell,9RLSUDNI3,8252,100.05,2024-09-25 14:06:36
1789,971044879,buy,VRHDAU1R4,8855,65.96,2024-09-25 14:06:36
1790,189400228,sell,3993HOBS0,8911,82.74,2024-09-25 14:06:36
1791,861561382,buy,YIQDFMHM8,8404,164.79,2024-09-25 14:06:36
1792,461102807,sell,MQOSLQTN1,2629,418.46,2024-09-25 14:06:36
1793,123736322,sell,GQ0QREZ69,5638,129.62,2024-09-25 14:06:36
1794,419094162,sell,IZORFKTD0,9922,483.75,2024-09-25 14:06:36
1795,201132333,sell,648TLO968,874,415.95,2024-09-25 14:06:36
1796,220131038,buy,2214RN9Z0,7554,395.50,2024-09-25 14:06:36
1797,924918429,sell,5NB7N9B85,1070,496.73,2024-09-25 14:06:36
1798,523087168,sell,SPV47YVL2,9558,381.02,2024-09-25 14:06:36
1799,999963853,buy,E194AV9Q1,9758,493.40,2024-09-25 14:06:36
1800,244700833,sell,IM7AW1GB6,3443,188.20,2024-09-25 14:06:36
1801,414140240,buy,27ZNQK193,2567,272.39,2024-09-25 14:06:36
1802,890364319,buy,WB611AG29,9504,263.07,2024-09-25 14:06:36
1803,713237292,sell,Z6SAAHYG7,4014,459.84,2024-09-25 14:06:36
1804,949470003,sell,4IP8XE452,4768,432.37,2024-09-25 14:06:36
1805,643607941,buy,ZW7H612N8,9466,260.80,2024-09-25 14:06:36
1806,408941537,sell,UOPGNSO01,6425,428.39,2024-09-25 14:06:36
1807,325179408,sell,420EVYRP0,6182,350.85,2024-09-25 14:06:36
1808,717056762,sell,JA2U7JNX5,9775,59.64,2024-09-25 14:06:36
1809,144642598,buy,V3SBLDNN0,4271,25.09,2024-09-25 14:06:36
1810,896689473,sell,NENRPQBD7,7134,13.07,2024-09-25 14:06:36
1811,805247764,sell,IM9SDUBT8,4795,70.77,2024-09-25 14:06:36
1812,863167415,sell,AEIFYDWU1,1654,302.65,2024-09-25 14:06:36
1813,421736328,buy,DT3VIGRD1,1697,452.51,2024-09-25 14:06:36
1814,469267355,buy,FIMAADQC6,6377,46.19,2024-09-25 14:06:36
1815,806080897,sell,4J499H2G9,3320,114.54,2024-09-25 14:06:36
1816,569042286,buy,QVHVIWA65,7822,345.57,2024-09-25 14:06:36
1817,741691907,buy,TD3AKRWC4,5426,325.13,2024-09-25 14:06:36
1818,602363840,sell,4DW9EIJG5,5105,317.23,2024-09-25 14:06:36
1819,262473913,buy,4OKV3IP39,8062,339.36,2024-09-25 14:06:36
1820,979425845,sell,W2U7BHKT9,7141,392.94,2024-09-25 14:06:36
1821,300116891,sell,6EVKHB343,3962,19.95,2024-09-25 14:06:36
1822,869116345,sell,8FTCHJNV0,7548,260.61,2024-09-25 14:06:36
1823,478056434,buy,3DIRREMG3,8579,179.52,2024-09-25 14:06:36
1824,814711356,buy,MZNF3DR76,9663,230.30,2024-09-25 14:06:36
1825,572554319,sell,05RGP04H7,5883,368.30,2024-09-25 14:06:36
1826,900929591,sell,2YPW7DTZ4,9578,334.99,2024-09-25 14:06:36
1827,343182433,sell,HW6VMHL95,9876,61.88,2024-09-25 14:06:36
1828,917362022,buy,H94OPTQZ2,5671,128.21,2024-09-25 14:06:36
1829,130848437,buy,GQP08UCR3,8260,469.41,2024-09-25 14:06:36
1830,728839048,buy,U6PCCCIA1,152,279.74,2024-09-25 14:06:36
1831,890486307,buy,THZIGV1C3,1259,382.13,2024-09-25 14:06:36
1832,614919240,sell,3ZXK46300,1954,136.99,2024-09-25 14:06:36
1833,207799174,sell,QKKXHV1H0,2243,398.51,2024-09-25 14:06:36
1834,310298493,buy,PY7IWS4M5,3436,401.21,2024-09-25 14:06:36
1835,411411536,buy,FAEHCRKT3,1758,477.00,2024-09-25 14:06:36
1836,306682237,buy,DF0IMKRN7,7831,216.74,2024-09-25 14:06:36
1837,358041710,buy,KHLXHQMU1,1947,14.03,2024-09-25 14:06:36
1838,860471095,buy,M1XFNHSY9,2144,373.11,2024-09-25 14:06:36
1839,457442625,sell,0NIMKLAP9,8011,415.91,2024-09-25 14:06:36
1840,932951472,sell,D1Y4P98V7,1941,448.79,2024-09-25 14:06:36
1841,270068543,buy,ULN23BZF4,3440,445.91,2024-09-25 14:06:36
1842,925740180,buy,5LGSEN7A7,6651,73.43,2024-09-25 14:06:36
1843,808923400,buy,UATVCVJ13,8770,389.47,2024-09-25 14:06:36
1844,433977599,sell,Z8XX53RA5,8199,312.58,2024-09-25 14:06:36
1845,334838844,buy,59KZJM140,6891,227.91,2024-09-25 14:06:36
1846,486429705,sell,QC5AYEJS1,7327,369.67,2024-09-25 14:06:36
1847,783019802,sell,G6R7SNH73,6908,233.54,2024-09-25 14:06:36
1848,462075643,sell,V8GR8JIN5,8582,89.95,2024-09-25 14:06:36
1849,957920541,buy,HS2KMWZQ6,1509,162.53,2024-09-25 14:06:36
1850,905598325,sell,VA7IIDMC1,4832,244.27,2024-09-25 14:06:36
1851,330492215,sell,6VPRBEGC5,8286,98.12,2024-09-25 14:06:36
1852,776730256,buy,ZHDI72RD4,3068,86.80,2024-09-25 14:06:36
1853,511379052,buy,YB4CXXTG5,3840,146.58,2024-09-25 14:06:36
1854,128443593,buy,P2BP9C8A7,4918,51.50,2024-09-25 14:06:36
1855,795623569,buy,4WHLVWZD2,7727,128.72,2024-09-25 14:06:36
1856,365658420,sell,UD7RO6I05,5249,468.12,2024-09-25 14:06:36
1857,973877697,buy,QXPXLYLE1,11,192.76,2024-09-25 14:06:36
1858,395974541,buy,S2UB41D17,3980,273.20,2024-09-25 14:06:36
1859,617284173,sell,PEV5HFKX3,1362,310.52,2024-09-25 14:06:36
1860,812750862,sell,CN2J7S7Q2,5074,220.49,2024-09-25 14:06:36
1861,690357436,buy,QEWIYG2J3,286,94.78,2024-09-25 14:06:36
1862,621014054,sell,X8RK09UL6,9835,71.19,2024-09-25 14:06:36
1863,372053921,buy,EO0819JY2,6749,408.63,2024-09-25 14:06:36
1864,544147954,buy,52TVQKCF4,3960,68.61,2024-09-25 14:06:36
1865,608154416,sell,IROODPPR9,5760,168.56,2024-09-25 14:06:36
1866,919683557,sell,2YH8CUHT9,2578,186.33,2024-09-25 14:06:36
1867,457212603,buy,LI4M0QRQ3,695,68.01,2024-09-25 14:06:36
1868,574089892,buy,Q9U34WFT1,5429,135.02,2024-09-25 14:06:36
1869,630057377,sell,JPRLDM2O4,6183,195.39,2024-09-25 14:06:36
1870,855200838,buy,WEZAT4A05,8909,273.57,2024-09-25 14:06:36
1871,310622657,sell,HS04AV4Z3,9858,17.40,2024-09-25 14:06:36
1872,294082581,buy,WYOF3M9F9,9197,342.28,2024-09-25 14:06:36
1873,718503312,sell,CI8FUF9Y8,2309,185.97,2024-09-25 14:06:36
1874,445087426,buy,INQIX3JL6,2182,81.69,2024-09-25 14:06:36
1875,572800163,buy,9J0X5TJT7,7700,58.73,2024-09-25 14:06:36
1876,755916679,sell,JOUURXA15,1448,315.87,2024-09-25 14:06:36
1877,284094149,buy,VR7OZIDE7,146,241.64,2024-09-25 14:06:36
1878,635227468,buy,OSEJW88X5,7612,281.30,2024-09-25 14:06:36
1879,778522259,buy,9HYXGR983,6508,172.27,2024-09-25 14:06:36
1880,565042221,sell,P27H3ND16,332,324.68,2024-09-25 14:06:36
1881,699880490,buy,KZA29QZ10,7767,121.77,2024-09-25 14:06:36
1882,362459638,sell,K1WMBGBK0,8000,48.96,2024-09-25 14:06:36
1883,796253109,sell,BUQMJAL92,1266,355.34,2024-09-25 14:06:36
1884,700969087,sell,D6TKPM6Y3,5814,142.76,2024-09-25 14:06:36
1885,313501153,sell,L6A29YM02,9923,431.16,2024-09-25 14:06:36
1886,871682366,sell,QIYDC5822,7961,200.93,2024-09-25 14:06:36
1887,411071939,sell,0YGKYNAP2,3494,476.26,2024-09-25 14:06:36
1888,648123136,buy,Z9SPSR7G7,1583,52.91,2024-09-25 14:06:36
1889,332569275,buy,JWDX0R3Y8,4163,465.19,2024-09-25 14:06:36
1890,591711940,buy,C65B2R2L6,5938,92.08,2024-09-25 14:06:36
1891,303318649,sell,MAW3DC7P1,299,387.66,2024-09-25 14:06:36
1892,229203012,sell,GQK7JSWD5,3810,162.82,2024-09-25 14:06:36
1893,934808079,buy,NORDAX1T9,2168,57.79,2024-09-25 14:06:36
1894,602937582,buy,UOBQNMCN0,7678,81.67,2024-09-25 14:06:36
1895,970702809,sell,JB7UCFI73,3540,330.65,2024-09-25 14:06:36
1896,641330510,buy,IFCAXTHI7,4305,176.30,2024-09-25 14:06:36
1897,780094648,sell,8HZ92M5V5,3408,85.73,2024-09-25 14:06:36
1898,342972935,sell,LPFVACS50,4108,185.54,2024-09-25 14:06:36
1899,753677708,buy,3Q7B4I7J8,4837,85.53,2024-09-25 14:06:36
1900,460477435,sell,H1XCH6RM0,4137,399.61,2024-09-25 14:06:36
1901,914239089,sell,M9TOY99L3,6899,146.53,2024-09-25 14:06:36
1902,235450730,sell,FK3LEJ3C6,5020,120.05,2024-09-25 14:06:36
1903,153833882,buy,22EGQTU34,8050,223.56,2024-09-25 14:06:36
1904,603781801,sell,UR6RO8R01,2653,454.91,2024-09-25 14:06:36
1905,169573337,buy,6NCWO5MA8,6128,489.14,2024-09-25 14:06:36
1906,127407922,sell,C3ZC4TJD2,3336,269.09,2024-09-25 14:06:36
1907,786419716,buy,30C9VQU43,7360,39.05,2024-09-25 14:06:36
1908,757104603,buy,XET4H0DI4,244,337.80,2024-09-25 14:06:36
1909,510584476,sell,HOTCR4840,979,412.86,2024-09-25 14:06:36
1910,786318704,sell,QWCTHIJ58,6323,256.86,2024-09-25 14:06:36
1911,657355675,sell,2G6ELN7F4,8341,460.63,2024-09-25 14:06:36
1912,403596722,sell,Y8YQIXXC9,9480,239.55,2024-09-25 14:06:36
1913,628228423,sell,BR5KRPYJ8,5769,483.27,2024-09-25 14:06:36
1914,838972214,sell,HX4MH6VS2,8979,459.92,2024-09-25 14:06:36
1915,239576071,sell,85V325CU9,1933,436.10,2024-09-25 14:06:36
1916,499443721,sell,4IPX7J3N7,7748,157.22,2024-09-25 14:06:36
1917,890135455,sell,ISAPMQAZ5,7757,439.57,2024-09-25 14:06:36
1918,405484851,buy,63UNNZNG3,9999,420.24,2024-09-25 14:06:36
1919,725852927,buy,4XDWO6YQ7,7242,244.64,2024-09-25 14:06:36
1920,382484593,sell,K4JLW1RV0,3817,432.76,2024-09-25 14:06:36
1921,493481037,sell,0IV12DKQ6,9977,427.03,2024-09-25 14:06:36
1922,354978414,buy,IGEN3GR53,6073,223.94,2024-09-25 14:06:36
1923,846898661,sell,VUIP9H4U0,5469,338.22,2024-09-25 14:06:36
1924,541448866,sell,674QHHGZ9,2892,316.26,2024-09-25 14:06:36
1925,288255570,buy,BNG91BYP5,2306,16.57,2024-09-25 14:06:36
1926,509469053,sell,PTQ7CD766,7433,441.13,2024-09-25 14:06:36
1927,759438866,sell,85D32LNW8,1726,360.74,2024-09-25 14:06:36
1928,881320550,buy,RVUUDRDH0,8052,106.43,2024-09-25 14:06:36
1929,190158779,sell,OGM4Z18E9,5688,484.42,2024-09-25 14:06:36
1930,605887549,sell,QQMRWYX72,8976,283.64,2024-09-25 14:06:36
1931,524040050,buy,4U38OL974,6685,402.62,2024-09-25 14:06:36
1932,782913175,buy,QVDZETDG6,4024,279.86,2024-09-25 14:06:36
1933,349083250,buy,WE3SXRAY1,8418,471.68,2024-09-25 14:06:36
1934,102879430,buy,IUE39PYQ6,2388,302.93,2024-09-25 14:06:36
1935,596387191,buy,IPYXOUVD3,7179,125.48,2024-09-25 14:06:36
1936,283136866,buy,V5YTYBHG1,401,73.54,2024-09-25 14:06:36
1937,213030367,sell,TSS7P3E70,3902,166.25,2024-09-25 14:06:36
1938,874147548,sell,CDWHVFFH7,7216,278.32,2024-09-25 14:06:36
1939,423196031,sell,O4HXXILL2,3712,391.56,2024-09-25 14:06:36
1940,770384129,buy,DYXGW58O5,1483,256.03,2024-09-25 14:06:36
1941,394805395,buy,LP2E59PS8,2446,337.94,2024-09-25 14:06:36
1942,207705473,buy,BLEO7ZPX2,3729,215.13,2024-09-25 14:06:36
1943,745813409,buy,SHDASFA52,3494,322.84,2024-09-25 14:06:36
1944,325643049,buy,PSNXNF4P8,9352,65.26,2024-09-25 14:06:36
1945,251447829,buy,ZP84IP320,5149,214.93,2024-09-25 14:06:36
1946,666478715,sell,WIGJMFZ11,4890,82.16,2024-09-25 14:06:36
1947,299859072,sell,RFBD38PE1,7464,398.14,2024-09-25 14:06:36
1948,561236150,buy,H3PEZA6B9,9813,165.59,2024-09-25 14:06:36
1949,866416747,buy,VHL1D24P7,2090,355.60,2024-09-25 14:06:36
1950,884225471,sell,OATNTSXD5,3183,249.02,2024-09-25 14:06:36
1951,132820394,buy,9O76P5J27,2829,110.04,2024-09-25 14:06:36
1952,656354927,sell,HAL5D4M67,9792,56.56,2024-09-25 14:06:36
1953,353209099,buy,QAJWGK371,9561,42.00,2024-09-25 14:06:36
1954,521179640,buy,PB5TTUNC3,9320,44.35,2024-09-25 14:06:36
1955,342125966,buy,CVSRMC695,3180,315.13,2024-09-25 14:06:36
1956,122464980,buy,8D1HFOFQ5,1720,196.52,2024-09-25 14:06:36
1957,124634758,buy,667B3A7E8,7294,62.60,2024-09-25 14:06:36
1958,104125821,sell,IQ8MAWXX9,1345,182.62,2024-09-25 14:06:36
1959,774076519,sell,DIJGGNIN6,1862,301.45,2024-09-25 14:06:36
1960,673588076,buy,A69X8IY76,3160,423.34,2024-09-25 14:06:36
1961,429582670,buy,K4P8VWW64,6792,18.07,2024-09-25 14:06:36
1962,199571748,sell,AWY9P9BT2,5355,344.66,2024-09-25 14:06:36
1963,253760295,sell,D8KOALSE8,7018,228.32,2024-09-25 14:06:36
1964,889526186,buy,P8281W576,8141,122.84,2024-09-25 14:06:36
1965,865139424,buy,2MGVZE163,3198,319.37,2024-09-25 14:06:36
1966,177344656,buy,7HELWAK89,6618,185.45,2024-09-25 14:06:36
1967,568014403,sell,WUXEUVHC8,4216,135.97,2024-09-25 14:06:36
1968,590957980,buy,9P7ZLEEM6,9749,265.22,2024-09-25 14:06:36
1969,277513206,buy,U19V3TUX7,6150,51.68,2024-09-25 14:06:36
1970,486658118,buy,IMFJS81P3,6490,20.78,2024-09-25 14:06:36
1971,241081031,buy,FZB1X5683,7404,55.33,2024-09-25 14:06:36
1972,383602923,buy,GROJR2L76,3236,436.93,2024-09-25 14:06:36
1973,979513601,sell,4VD41M6F8,9451,190.28,2024-09-25 14:06:36
1974,759115673,buy,XKS37CQG8,1223,85.59,2024-09-25 14:06:36
1975,337163990,buy,EBUCPJK51,5409,284.23,2024-09-25 14:06:36
1976,880810794,sell,KCBTLHMK9,4570,357.34,2024-09-25 14:06:36
1977,499543819,sell,45TJML0G8,2086,494.64,2024-09-25 14:06:36
1978,286274297,sell,WHGZSPPF9,1511,154.16,2024-09-25 14:06:36
1979,309725638,buy,OMEBBZ0T5,6282,302.40,2024-09-25 14:06:36
1980,141249696,sell,KGH8IT857,4005,238.36,2024-09-25 14:06:36
1981,165485493,sell,CYISMBW42,9507,186.10,2024-09-25 14:06:36
1982,385576632,sell,LBKN9ZGK4,3310,274.71,2024-09-25 14:06:36
1983,972353484,buy,GJAAU22Y6,3807,230.80,2024-09-25 14:06:36
1984,373512850,sell,KR9669U17,7724,481.32,2024-09-25 14:06:36
1985,429141417,sell,2FT4P8MX6,5339,28.35,2024-09-25 14:06:36
1986,630867060,buy,C2D9QM6F5,9483,347.89,2024-09-25 14:06:36
1987,901100042,sell,2MY5GNOP4,428,438.13,2024-09-25 14:06:36
1988,842110143,buy,YZHBSJMN9,143,476.96,2024-09-25 14:06:36
1989,613410193,buy,93UL09WF9,9829,497.30,2024-09-25 14:06:36
1990,864625974,buy,TKJC5TJI2,6974,33.61,2024-09-25 14:06:36
1991,110306215,sell,1QAP7ZLU3,5095,174.65,2024-09-25 14:06:36
1992,432802280,buy,TBBDUGUQ7,1101,343.38,2024-09-25 14:06:36
1993,674566050,buy,WDJJY09A8,4051,159.11,2024-09-25 14:06:36
1994,656953781,sell,TQL2YP5D0,948,323.25,2024-09-25 14:06:36
1995,935542877,sell,HCGAYGZW7,3295,25.91,2024-09-25 14:06:36
1996,628567240,sell,017OVURM2,1396,88.69,2024-09-25 14:06:36
1997,962227298,sell,TO8991EW4,5678,24.06,2024-09-25 14:06:36
1998,762729818,buy,42KUD28V0,2687,433.24,2024-09-25 14:06:36
1999,858360304,sell,MJTLKQNK0,7113,332.38,2024-09-25 14:06:36
2000,984452870,sell,2C76DF831,4920,450.43,2024-09-25 14:06:36
