3001,431725813,sell,F6Q8B88Y5,702,351.39,2024-09-25 14:06:36
3002,605229493,buy,YMJXPTJF0,5076,493.21,2024-09-25 14:06:36
3003,855710262,buy,55KVL2Z25,8104,239.79,2024-09-25 14:06:36
3004,593740824,sell,AELI20NW0,1371,295.39,2024-09-25 14:06:36
3005,604023183,buy,6T4C43043,8612,415.04,2024-09-25 14:06:36
3006,377391293,sell,PNOYAFJT6,4904,157.23,2024-09-25 14:06:36
3007,538497383,buy,NNZJF44K4,5840,404.66,2024-09-25 14:06:36
3008,194473564,sell,7ANP2PXU2,9891,490.48,2024-09-25 14:06:36
3009,982659084,buy,NVMQGBP24,8476,184.13,2024-09-25 14:06:36
3010,831988966,buy,XA57TK254,6297,77.58,2024-09-25 14:06:36
3011,940730740,buy,WGVXY89B7,2286,173.68,2024-09-25 14:06:36
3012,523550552,sell,5TC5CDAF3,8159,446.47,2024-09-25 14:06:36
3013,393906586,buy,MQKKW2MP5,7213,123.04,2024-09-25 14:06:36
3014,171669600,sell,0Q0EJKUP1,2199,196.36,2024-09-25 14:06:36
3015,972897100,sell,NS5WSMUG3,187,313.04,2024-09-25 14:06:36
3016,657213878,buy,S9N1NSKA4,6906,342.10,2024-09-25 14:06:36
3017,601981556,sell,DHBJIHIF8,4423,200.39,2024-09-25 14:06:36
3018,158802959,sell,CZZEUDUF5,7843,381.43,2024-09-25 14:06:36
3019,870798117,sell,YKTMS5UA4,69,441.91,2024-09-25 14:06:36
3020,238532815,sell,MJ20YM4F1,1467,444.09,2024-09-25 14:06:36
3021,388349624,sell,LWVVKXWJ5,819,431.40,2024-09-25 14:06:36
3022,291669193,buy,MFQKVF0W4,8435,383.22,2024-09-25 14:06:36
3023,254851740,sell,7XKH0EIQ6,5044,396.08,2024-09-25 14:06:36
3024,290881627,sell,56YZYWBO7,1794,167.47,2024-09-25 14:06:36
3025,417265807,sell,9S7M6GKA0,5079,335.36,2024-09-25 14:06:36
3026,960398942,buy,DR7FVOQQ6,2331,35.48,2024-09-25 14:06:36
3027,613463514,buy,R2L9NGQN7,7238,498.56,2024-09-25 14:06:36
3028,871881772,buy,3VUNID9R1,1628,435.23,2024-09-25 14:06:36
3029,453154322,sell,756EQCUV1,7240,243.57,2024-09-25 14:06:36
3030,565499813,sell,9NWMB63B6,8099,96.92,2024-09-25 14:06:36
3031,646128283,sell,U6VJIXJL2,7849,351.04,2024-09-25 14:06:36
3032,262793532,buy,9WDTMLVQ3,7337,321.34,2024-09-25 14:06:36
3033,576982501,sell,ZGG788802,8198,215.81,2024-09-25 14:06:36
3034,138609023,sell,LV5F810H4,7443,77.49,2024-09-25 14:06:36
3035,101836961,buy,85B6NXWP9,9087,378.12,2024-09-25 14:06:36
3036,153733320,buy,KZK6NQEH2,5195,479.18,2024-09-25 14:06:36
3037,648396095,buy,6OE82FED2,4637,124.23,2024-09-25 14:06:36
3038,310527680,sell,4UKDTLI87,7250,292.32,2024-09-25 14:06:36
3039,880293236,sell,Z2O7MC1Z9,4648,188.61,2024-09-25 14:06:36
3040,952478008,sell,L48SD61T9,1155,201.99,2024-09-25 14:06:36
3041,613402241,sell,QEVZ78YP5,9503,373.50,2024-09-25 14:06:36
3042,773030032,buy,6FYLKOT29,3540,99.93,2024-09-25 14:06:36
3043,478717511,sell,R9LV6L4T2,7629,324.66,2024-09-25 14:06:36
3044,770734760,buy,638VH0079,3313,398.84,2024-09-25 14:06:36
3045,452603890,buy,OKWLJFX26,1534,229.51,2024-09-25 14:06:36
3046,851812355,sell,CUN69XM65,3880,107.77,2024-09-25 14:06:36
3047,549946892,buy,ML66U1TG0,4094,242.15,2024-09-25 14:06:36
3048,776263419,buy,ZBYTLGH93,8320,103.36,2024-09-25 14:06:36
3049,974385907,sell,KZFGPL2G0,4868,17.98,2024-09-25 14:06:36
3050,667353301,buy,AA6VM07U6,2561,398.76,2024-09-25 14:06:36
3051,215807190,buy,XFO9VQ039,853,90.08,2024-09-25 14:06:36
3052,997666371,buy,Z12TMMD74,3007,358.94,2024-09-25 14:06:36
3053,626000836,buy,8222UXRZ1,996,458.40,2024-09-25 14:06:36
3054,476002204,buy,8HKHHFJJ4,1197,404.66,2024-09-25 14:06:36
3055,489082527,sell,V8FP8DJI3,7047,225.03,2024-09-25 14:06:36
3056,484119972,buy,TQ9TWXCM2,4365,126.31,2024-09-25 14:06:36
3057,107927672,sell,N0Z67I9W9,3535,292.56,2024-09-25 14:06:36
3058,117455337,buy,CG5YG6KT8,9511,305.76,2024-09-25 14:06:36
3059,333282163,buy,9UL7I5OX9,2906,223.69,2024-09-25 14:06:36
3060,692133996,buy,VSOYL55X4,8023,151.28,2024-09-25 14:06:36
3061,208728868,buy,IFYOCM909,76,74.51,2024-09-25 14:06:36
3062,743538892,buy,1G0T2YYO6,5100,146.66,2024-09-25 14:06:36
3063,858813976,buy,08UASRAN8,3934,221.75,2024-09-25 14:06:36
3064,471697496,buy,5WX02XG16,3447,215.36,2024-09-25 14:06:36
3065,219292753,buy,7ZEJE8E86,7203,455.50,2024-09-25 14:06:36
3066,270911575,buy,EWAOQZ5G7,9029,377.20,2024-09-25 14:06:36
3067,679049936,buy,KJSGSUNM3,531,145.43,2024-09-25 14:06:36
3068,362943856,sell,V80I7ZC60,2313,214.88,2024-09-25 14:06:36
3069,979128000,buy,9CTF5E7R0,2369,67.59,2024-09-25 14:06:36
3070,758460443,sell,C816U1Q29,9324,350.37,2024-09-25 14:06:36
3071,973579802,sell,3W3KXRIH9,3508,388.56,2024-09-25 14:06:36
3072,833946098,buy,ZL0G83M94,4984,75.25,2024-09-25 14:06:36
3073,284942576,sell,ZUTIL86T7,8154,73.55,2024-09-25 14:06:36
3074,668153137,buy,FGVU2QQV4,5072,37.96,2024-09-25 14:06:36
3075,901143849,sell,VT9D3LGV2,4721,369.55,2024-09-25 14:06:36
3076,344262301,buy,U1Z7OHIN0,6701,170.42,2024-09-25 14:06:36
3077,686495464,buy,DVJ8BXKC9,3463,226.86,2024-09-25 14:06:36
3078,451063981,sell,T9STOVML3,3985,38.47,2024-09-25 14:06:36
3079,205683657,sell,UI8GNDQ61,5943,396.74,2024-09-25 14:06:36
3080,839605161,buy,F1JIRMZS7,2522,122.12,2024-09-25 14:06:36
3081,336822897,buy,PTC1SZEA1,5825,288.37,2024-09-25 14:06:36
3082,438013345,sell,V5U5RUAQ8,3088,248.82,2024-09-25 14:06:36
3083,806017961,sell,C9JZQMW42,2847,411.68,2024-09-25 14:06:36
3084,137312481,sell,SK8N11MT8,9028,234.64,2024-09-25 14:06:36
3085,400717908,buy,5Q618FJ09,4378,240.90,2024-09-25 14:06:36
3086,100201059,sell,WVU7AR5C8,2376,104.86,2024-09-25 14:06:36
3087,420504217,buy,DL0FWZJ47,8808,444.65,2024-09-25 14:06:36
3088,324213812,buy,IM41BEBF0,9009,254.79,2024-09-25 14:06:36
3089,429555205,buy,DXF7MXFB7,6367,412.80,2024-09-25 14:06:36
3090,213695769,sell,93RLMA6E8,5695,470.37,2024-09-25 14:06:36
3091,854701715,sell,Q4RKSW9T9,6396,80.56,2024-09-25 14:06:36
3092,792762476,buy,8S94VUDA8,3658,476.21,2024-09-25 14:06:36
3093,487282813,buy,MDJZJ42R2,3318,58.57,2024-09-25 14:06:36
3094,705256813,buy,KV2UOI3L8,5040,124.83,2024-09-25 14:06:36
3095,569104951,sell,PH2U2EPX7,3650,142.63,2024-09-25 14:06:36
3096,712503479,sell,PQRJ52XU5,3999,172.02,2024-09-25 14:06:36
3097,869776494,buy,QNA0RFGR3,914,182.71,2024-09-25 14:06:36
3098,792955177,buy,FVNEIRJN3,6219,46.36,2024-09-25 14:06:36
3099,117418018,sell,H449L85C0,1968,15.37,2024-09-25 14:06:36
3100,226709334,buy,0SU0XPH31,1429,336.67,2024-09-25 14:06:36
3101,854154188,buy,JNS2YCWP3,8529,65.97,2024-09-25 14:06:36
3102,938646492,buy,LUAP8S618,4820,466.26,2024-09-25 14:06:36
3103,579398536,sell,C0WZ52M28,2901,326.77,2024-09-25 14:06:36
3104,197628083,sell,TGCB3C9O7,6874,266.95,2024-09-25 14:06:36
3105,177301268,buy,2H09X6S52,1145,447.50,2024-09-25 14:06:36
3106,558695449,sell,3RDM3K5N4,6759,364.05,2024-09-25 14:06:36
3107,993929521,sell,UXUFX6IC5,184,88.66,2024-09-25 14:06:36
3108,148300507,buy,EGS1SQKY5,2355,136.17,2024-09-25 14:06:36
3109,347749731,sell,0HLM5PS44,5357,192.51,2024-09-25 14:06:36
3110,495770779,sell,HDC3VXMC9,5889,32.60,2024-09-25 14:06:36
3111,639530663,buy,2UV02VZF7,6497,181.22,2024-09-25 14:06:36
3112,992225741,buy,V8887KF56,2042,304.38,2024-09-25 14:06:36
3113,980980268,buy,5P138UDE5,1269,63.21,2024-09-25 14:06:36
3114,919408790,buy,X2HE4HXP0,5906,190.33,2024-09-25 14:06:36
3115,100280121,buy,JPSJQ86G8,3147,263.41,2024-09-25 14:06:36
3116,788689648,buy,SEAXBQT49,1866,225.46,2024-09-25 14:06:36
3117,129517060,sell,0EY7SJGB6,1040,61.23,2024-09-25 14:06:36
3118,618473719,buy,9DDV7XJZ5,1340,78.26,2024-09-25 14:06:36
3119,964768191,buy,9Z8II1P90,8776,349.55,2024-09-25 14:06:36
3120,312547942,sell,53RNBD4G1,1304,285.39,2024-09-25 14:06:36
3121,952379300,buy,IADWN60B3,2772,141.95,2024-09-25 14:06:36
3122,263449017,buy,DE93N8J74,8602,177.11,2024-09-25 14:06:36
3123,935537302,sell,404S092R1,2517,255.89,2024-09-25 14:06:36
3124,451435533,buy,MDTF6FPW8,3155,378.40,2024-09-25 14:06:36
3125,204688528,sell,5IXZ36QZ2,9335,294.54,2024-09-25 14:06:36
3126,641867579,sell,NEKI6VV22,1642,370.80,2024-09-25 14:06:36
3127,458683259,buy,PPH4NAH23,4788,325.44,2024-09-25 14:06:36
3128,477560239,sell,JB09BBUD0,236,181.01,2024-09-25 14:06:36
3129,617842638,sell,97QK1IS20,5941,487.32,2024-09-25 14:06:36
3130,175576682,buy,6Y03UKIO6,3512,354.78,2024-09-25 14:06:36
3131,338038515,buy,5UQLMUNS9,9429,426.67,2024-09-25 14:06:36
3132,865893263,buy,46NPFLD56,1730,196.55,2024-09-25 14:06:36
3133,102686363,sell,R03Z01I00,4740,376.00,2024-09-25 14:06:36
3134,580842042,buy,2FMFSZ0M3,2040,310.72,2024-09-25 14:06:36
3135,217885226,buy,X9L9RSBF8,5909,411.29,2024-09-25 14:06:36
3136,304606081,sell,I34ZO3AI2,6272,150.89,2024-09-25 14:06:36
3137,742557215,buy,QGB1VSTV9,6058,83.95,2024-09-25 14:06:36
3138,222073716,buy,OFN1BKXA0,5778,323.43,2024-09-25 14:06:36
3139,307155498,sell,1QKEJO9O7,8272,474.81,2024-09-25 14:06:36
3140,313895935,buy,N4GTRLXQ9,53,30.54,2024-09-25 14:06:36
3141,504739967,sell,B0G1BQHM4,4144,173.25,2024-09-25 14:06:36
3142,796937152,sell,H5J62DZE0,1617,366.30,2024-09-25 14:06:36
3143,447361596,buy,E6H5M1YA8,2589,82.10,2024-09-25 14:06:36
3144,833835675,buy,31JKZS762,5956,227.55,2024-09-25 14:06:36
3145,384588175,sell,KFE8IE8O4,1334,274.88,2024-09-25 14:06:36
3146,716103595,sell,NIZS7JHG6,5459,328.97,2024-09-25 14:06:36
3147,449518486,sell,HWXNSPNH9,6198,169.38,2024-09-25 14:06:36
3148,175549228,sell,QJY0Z0907,8877,113.24,2024-09-25 14:06:36
3149,362617209,sell,2XE2YP1B0,2458,403.73,2024-09-25 14:06:36
3150,192265775,sell,LZSA427W3,2014,472.05,2024-09-25 14:06:36
3151,337788558,buy,6ZU0MIHI4,1286,40.18,2024-09-25 14:06:36
3152,504539679,buy,2KD1ZY980,1325,305.28,2024-09-25 14:06:36
3153,148140868,buy,04HSE4CC1,3929,291.34,2024-09-25 14:06:36
3154,254186879,buy,79U917Q81,4153,378.54,2024-09-25 14:06:36
3155,490652115,buy,AT4KBFBX9,4814,485.04,2024-09-25 14:06:36
3156,625167275,sell,94FXQOMM3,1941,406.33,2024-09-25 14:06:36
3157,373576038,sell,YRL3ZR4Q7,6047,60.70,2024-09-25 14:06:36
3158,280906081,sell,DPWY4IEB0,1821,18.93,2024-09-25 14:06:36
3159,180720269,buy,AQ30Y0UX7,2666,170.15,2024-09-25 14:06:36
3160,462127308,buy,7JS8A6ZO1,7762,385.30,2024-09-25 14:06:36
3161,495334602,sell,9O6REVDY3,6326,295.09,2024-09-25 14:06:36
3162,767058582,sell,GI228NRK7,1131,404.20,2024-09-25 14:06:36
3163,742449094,sell,4L4UEMSS6,1656,18.32,2024-09-25 14:06:36
3164,613257879,buy,STF26ZD18,8111,436.06,2024-09-25 14:06:36
3165,696585290,sell,GVAOZGLP1,6928,84.34,2024-09-25 14:06:36
3166,172113509,sell,5PRH9TLV1,7527,343.19,2024-09-25 14:06:36
3167,859582461,sell,SXYRECOW5,412,85.13,2024-09-25 14:06:36
3168,951966732,sell,PN7UJXR90,4654,210.01,2024-09-25 14:06:36
3169,910211742,sell,7PK7VTA94,4131,425.74,2024-09-25 14:06:36
3170,174592923,sell,GFKFMJK65,983,113.47,2024-09-25 14:06:36
3171,834834784,buy,0FB6VAWF8,7568,116.14,2024-09-25 14:06:36
3172,658405858,buy,EE6BR5SY1,3111,240.65,2024-09-25 14:06:36
3173,916340315,buy,P30OSV9Z1,5777,371.21,2024-09-25 14:06:36
3174,207764140,sell,DXM4KEQL6,8815,180.17,2024-09-25 14:06:36
3175,529042764,buy,LGNK1L4S1,3888,499.84,2024-09-25 14:06:36
3176,554183811,buy,WSQWZGRK0,655,180.70,2024-09-25 14:06:36
3177,415565763,buy,0R31X21G0,1340,138.77,2024-09-25 14:06:36
3178,935827746,sell,F6BO60W97,3836,246.68,2024-09-25 14:06:36
3179,783172117,sell,GBAFQHCH0,8784,103.93,2024-09-25 14:06:36
3180,172301730,sell,9XO4SIYO7,5594,38.14,2024-09-25 14:06:36
3181,293564464,sell,H02ABI668,4689,135.83,2024-09-25 14:06:36
3182,548269988,sell,CU51Q8W04,5937,237.77,2024-09-25 14:06:36
3183,971393933,sell,SG6TVATB5,2779,41.15,2024-09-25 14:06:36
3184,999583154,sell,V3NO9APS4,5777,31.41,2024-09-25 14:06:36
3185,394996164,sell,AYWIDD314,1377,339.49,2024-09-25 14:06:36
3186,596636137,buy,NC529LWQ3,4892,342.10,2024-09-25 14:06:36
3187,934618011,buy,KTONQBRC2,7889,458.46,2024-09-25 14:06:36
3188,914063762,sell,CPQ5ZJUG6,876,458.30,2024-09-25 14:06:36
3189,253956798,buy,VEB6G5BU5,8104,151.45,2024-09-25 14:06:36
3190,806058751,sell,G1ZXUQWK2,6561,170.98,2024-09-25 14:06:36
3191,594009966,sell,QBLUINVU0,642,65.45,2024-09-25 14:06:36
3192,445387582,buy,4T84RJBR6,3928,454.51,2024-09-25 14:06:36
3193,226230581,sell,FPTWKX574,8433,134.85,2024-09-25 14:06:36
3194,238109301,buy,72AK1GZO8,6939,131.34,2024-09-25 14:06:36
3195,149295497,sell,Z5WDXBHH3,1432,74.25,2024-09-25 14:06:36
3196,615556541,buy,PYDB2MV31,2098,448.38,2024-09-25 14:06:36
3197,170507293,sell,34Z0SR2M2,6742,412.21,2024-09-25 14:06:36
3198,431437059,buy,U0L0LQY98,5288,483.93,2024-09-25 14:06:36
3199,498982693,sell,XDW6URTA3,9109,244.42,2024-09-25 14:06:36
3200,853687533,sell,98JYN7VH9,4450,277.83,2024-09-25 14:06:36
3201,626198638,sell,JD4X1GXB0,465,335.15,2024-09-25 14:06:36
3202,613239451,buy,5EUU05DE1,4995,176.44,2024-09-25 14:06:36
3203,485495520,sell,SAFHGFDF8,8072,293.18,2024-09-25 14:06:36
3204,891700890,sell,RQ9NSIMI3,4066,158.70,2024-09-25 14:06:36
3205,648552255,sell,N1V3WX9K3,5621,156.92,2024-09-25 14:06:36
3206,356157857,sell,NVMVRBNQ0,9537,99.98,2024-09-25 14:06:36
3207,595018425,buy,ECJXRAMS1,9022,329.83,2024-09-25 14:06:36
3208,996574876,buy,VYS8U8YD0,8001,448.08,2024-09-25 14:06:36
3209,810705047,sell,73NCAN9T3,6233,80.82,2024-09-25 14:06:36
3210,496516148,buy,40ITFCME8,7484,464.21,2024-09-25 14:06:36
3211,982179966,buy,Q3TOM5A98,5566,418.72,2024-09-25 14:06:36
3212,187741763,buy,JJ2ZC9L13,3144,304.24,2024-09-25 14:06:36
3213,911906674,buy,KZWC59IL1,2398,13.01,2024-09-25 14:06:36
3214,714212949,buy,I9DQKK0G0,568,91.43,2024-09-25 14:06:36
3215,168425311,sell,WAK0X6SE2,3411,345.86,2024-09-25 14:06:36
3216,904975792,buy,DY82YXUG3,6582,180.39,2024-09-25 14:06:36
3217,654734973,sell,MM0KCX8J0,1222,308.32,2024-09-25 14:06:36
3218,289457091,buy,V7ZWT7K62,8977,336.46,2024-09-25 14:06:36
3219,874372910,sell,YLRW4DCE3,5725,265.78,2024-09-25 14:06:36
3220,620143238,sell,M0XQFUTL4,5237,352.53,2024-09-25 14:06:36
3221,151374267,buy,00WK7YXM6,8721,472.75,2024-09-25 14:06:36
3222,349495145,sell,L9REVKNR7,4013,353.77,2024-09-25 14:06:36
3223,820877839,buy,0GX28K6C1,6985,189.86,2024-09-25 14:06:36
3224,672037081,sell,RROROOVJ4,2817,290.53,2024-09-25 14:06:36
3225,479314332,buy,62ADCKR13,624,338.61,2024-09-25 14:06:36
3226,403579760,sell,NI9CUG8U9,3321,245.69,2024-09-25 14:06:36
3227,821266043,sell,B7XHNVGZ3,5004,366.81,2024-09-25 14:06:36
3228,374803386,sell,KJQZZK9K7,518,451.73,2024-09-25 14:06:36
3229,891735032,buy,EQ3F5KB01,1802,391.80,2024-09-25 14:06:36
3230,667808638,buy,8EVAFEJW0,1415,140.58,2024-09-25 14:06:36
3231,576976482,buy,EYLX1U8Z4,4216,255.09,2024-09-25 14:06:36
3232,239488045,sell,RZXVSJ6L7,8402,359.72,2024-09-25 14:06:36
3233,834920696,sell,NAXZN6U41,7478,74.44,2024-09-25 14:06:36
3234,296173952,buy,466PG8Q83,3995,231.74,2024-09-25 14:06:36
3235,440380707,buy,TQHPEJ5J7,7673,101.65,2024-09-25 14:06:36
3236,203557643,buy,DUK37JY15,5412,333.59,2024-09-25 14:06:36
3237,170081699,sell,1VGSKJ851,3057,285.76,2024-09-25 14:06:36
3238,932970079,buy,XQ0DF5GH8,281,167.97,2024-09-25 14:06:36
3239,141806896,sell,6HE6BFDD2,9037,388.99,2024-09-25 14:06:36
3240,340531701,buy,T3UY1Z5C7,294,331.80,2024-09-25 14:06:36
3241,460644819,buy,ELZCVJYD5,4217,484.22,2024-09-25 14:06:36
3242,919373661,sell,D8M6YLYO0,4594,355.64,2024-09-25 14:06:36
3243,712453788,buy,OZ0XGU3Z2,7376,286.92,2024-09-25 14:06:36
3244,362373907,buy,OQLHWXLD9,4727,293.00,2024-09-25 14:06:36
3245,477983747,sell,YUSFH3AJ8,7460,329.35,2024-09-25 14:06:36
3246,641466507,sell,TAB4I9VG0,1028,393.83,2024-09-25 14:06:36
3247,857488585,sell,R6TNY3830,3207,253.67,2024-09-25 14:06:36
3248,762236805,sell,XQ9PSS3O7,7469,306.35,2024-09-25 14:06:36
3249,812335046,buy,M82OJ3XM5,5017,85.54,2024-09-25 14:06:36
3250,988015460,buy,9XPSNWIK3,4156,495.20,2024-09-25 14:06:36
3251,246555631,buy,BV11XVRT1,1377,108.01,2024-09-25 14:06:36
3252,474851454,buy,5816I7570,9012,227.08,2024-09-25 14:06:36
3253,723443818,buy,VY2JG1UK3,6803,58.55,2024-09-25 14:06:36
3254,599650180,sell,LXQ3BH5W7,5063,387.67,2024-09-25 14:06:36
3255,677999957,buy,KA77EYY32,9496,342.76,2024-09-25 14:06:36
3256,154988120,buy,EPX40GJT8,3832,490.77,2024-09-25 14:06:36
3257,759429264,buy,M32WCH958,996,490.51,2024-09-25 14:06:36
3258,709107399,sell,SGPHUS551,7563,318.21,2024-09-25 14:06:36
3259,205411830,sell,ZCE2O11U2,641,288.08,2024-09-25 14:06:36
3260,973879944,sell,CZYHXINK2,6645,361.52,2024-09-25 14:06:36
3261,744686561,buy,S4UPL1520,4939,88.01,2024-09-25 14:06:36
3262,323538383,sell,JRVFYGE49,7709,179.23,2024-09-25 14:06:36
3263,540106641,sell,QEKJEKUD9,6375,144.59,2024-09-25 14:06:36
3264,319514553,sell,HAS4OZJB5,2752,383.38,2024-09-25 14:06:36
3265,759311376,sell,PPS2RNYU2,7745,171.42,2024-09-25 14:06:36
3266,886438974,buy,MDJOB2E21,861,181.57,2024-09-25 14:06:36
3267,286954338,buy,BL8PBCZK9,9225,199.52,2024-09-25 14:06:36
3268,641540595,sell,DKUASTP15,205,317.68,2024-09-25 14:06:36
3269,522861525,buy,O8MRDPZ80,2963,247.03,2024-09-25 14:06:36
3270,108834603,sell,NORS05C74,849,117.48,2024-09-25 14:06:36
3271,600660826,buy,JZK789RR1,8719,441.67,2024-09-25 14:06:36
3272,185608794,buy,VJI7LOE92,5135,411.90,2024-09-25 14:06:36
3273,851187924,sell,5OUR763L2,8123,304.09,2024-09-25 14:06:36
3274,879163203,buy,RR4JK23A6,2191,194.83,2024-09-25 14:06:36
3275,430693543,sell,FKY8ROON9,8944,277.38,2024-09-25 14:06:36
3276,773120149,sell,WWSH3GF46,754,28.12,2024-09-25 14:06:36
3277,397409366,sell,L3ND0E644,1558,181.34,2024-09-25 14:06:36
3278,137546776,buy,SSROOFAI9,7680,374.54,2024-09-25 14:06:36
3279,483715268,buy,SIPPZ7A54,8066,39.73,2024-09-25 14:06:36
3280,551402623,sell,0MH0DNUS6,4951,187.87,2024-09-25 14:06:36
3281,998942196,buy,U3EU00356,5111,336.81,2024-09-25 14:06:36
3282,519429197,buy,Y4D60W990,3146,100.69,2024-09-25 14:06:36
3283,357002335,buy,44VMTVO68,4476,437.91,2024-09-25 14:06:36
3284,497324261,sell,81J68EFJ2,9781,114.04,2024-09-25 14:06:36
3285,870514691,buy,4P6MEL6H3,6146,96.95,2024-09-25 14:06:36
3286,137064353,buy,42EQYJR11,3217,488.77,2024-09-25 14:06:36
3287,883961928,buy,DKV5OU8I8,7161,49.72,2024-09-25 14:06:36
3288,820991526,sell,XK4G5DS99,3464,372.88,2024-09-25 14:06:36
3289,298683019,sell,MHSWB4Y44,5139,99.65,2024-09-25 14:06:36
3290,438137308,buy,0XP0VMX11,1827,81.76,2024-09-25 14:06:36
3291,616367395,sell,WLQMFBG97,1025,300.43,2024-09-25 14:06:36
3292,283792420,buy,IVQJR7WU9,7122,239.25,2024-09-25 14:06:36
3293,579818176,sell,SQRYJBTT2,8862,424.10,2024-09-25 14:06:36
3294,332630500,sell,IWAQ1AZU6,3218,289.16,2024-09-25 14:06:36
3295,790275126,buy,009W0JRY7,9287,486.79,2024-09-25 14:06:36
3296,188506016,sell,MA30QZBF1,7812,402.19,2024-09-25 14:06:36
3297,141876620,buy,1A9EASCR4,3436,330.05,2024-09-25 14:06:36
3298,870677890,buy,YPJN6C9Y3,1045,357.06,2024-09-25 14:06:36
3299,120256560,sell,8TLGDBDW9,5585,251.17,2024-09-25 14:06:36
3300,393398688,buy,6RXLQD3Y0,2607,292.57,2024-09-25 14:06:36
3301,508930904,sell,O753580W6,1223,422.51,2024-09-25 14:06:36
3302,270571884,buy,VY53GKKI9,496,65.29,2024-09-25 14:06:36
3303,650493817,sell,EB2H772U2,1258,395.34,2024-09-25 14:06:36
3304,972369225,buy,SKNSC1B94,7404,398.78,2024-09-25 14:06:36
3305,558716901,sell,18SD54R28,600,378.74,2024-09-25 14:06:36
3306,800825268,sell,Z3Q6YXWH4,6781,495.08,2024-09-25 14:06:36
3307,810938991,sell,QMUK6VET5,322,215.87,2024-09-25 14:06:36
3308,902225023,sell,NDCGL6R61,4320,120.73,2024-09-25 14:06:36
3309,984128883,buy,EFVXM2FX0,6452,355.82,2024-09-25 14:06:36
3310,431718660,buy,GEHVD1Q94,9758,268.10,2024-09-25 14:06:36
3311,646163294,buy,WTGCMDX84,2254,210.18,2024-09-25 14:06:36
3312,327797477,buy,X2YXA0UQ0,9022,128.85,2024-09-25 14:06:36
3313,706384812,sell,HR47Y1ZP2,3402,469.96,2024-09-25 14:06:36
3314,656294365,buy,J087NQJC9,89,215.26,2024-09-25 14:06:36
3315,655007660,buy,2MEZYOWV6,3441,492.74,2024-09-25 14:06:36
3316,444348076,buy,YC24KCQA9,9188,303.13,2024-09-25 14:06:36
3317,677069704,buy,VR9CQU1H0,2523,390.68,2024-09-25 14:06:36
3318,716382798,sell,8FL36CD12,707,468.85,2024-09-25 14:06:36
3319,952536925,sell,8LPVVIP76,9027,334.78,2024-09-25 14:06:36
3320,792405164,sell,M1VPF5G50,4267,400.04,2024-09-25 14:06:36
3321,519667504,sell,LTVI9G7O8,3372,287.17,2024-09-25 14:06:36
3322,552821044,buy,DE3CIFKK9,6735,465.01,2024-09-25 14:06:36
3323,976649813,buy,HI3XIVB74,2704,271.88,2024-09-25 14:06:36
3324,127376853,buy,3U53CTIZ8,3545,366.61,2024-09-25 14:06:36
3325,506896625,buy,4TB1CHP44,2248,437.72,2024-09-25 14:06:36
3326,535952178,sell,8OP5JKQE0,8388,278.35,2024-09-25 14:06:36
3327,660290291,sell,KZ2PHZKH0,1518,461.65,2024-09-25 14:06:36
3328,318718172,sell,5LEVHN9L3,4991,27.76,2024-09-25 14:06:36
3329,716394767,buy,RHA7X6868,3308,136.41,2024-09-25 14:06:36
3330,104725748,buy,TJLFS4CU5,7169,487.55,2024-09-25 14:06:36
3331,102582756,sell,1T983EUK0,1794,51.22,2024-09-25 14:06:36
3332,853066576,buy,I90NDLGX3,1151,152.10,2024-09-25 14:06:36
3333,895298498,sell,0A12NB236,7463,16.85,2024-09-25 14:06:36
3334,865260231,buy,0EAZDSAH9,1084,348.23,2024-09-25 14:06:36
3335,658463377,sell,03CEELAE9,964,440.08,2024-09-25 14:06:36
3336,153057850,buy,DOEV32MM2,3340,277.53,2024-09-25 14:06:36
3337,286910881,buy,M08HCKDS9,8355,149.28,2024-09-25 14:06:36
3338,215170935,buy,B2HOVO4L8,8519,62.53,2024-09-25 14:06:36
3339,793279015,sell,GP6WK7YZ1,2752,208.55,2024-09-25 14:06:36
3340,493304661,buy,GP0EQM9O1,2597,482.94,2024-09-25 14:06:36
3341,649279394,sell,LMHMG99I9,8701,294.93,2024-09-25 14:06:36
3342,471264436,sell,TG1TKDUJ6,6139,203.91,2024-09-25 14:06:36
3343,846424107,sell,CTL4S2W46,884,476.04,2024-09-25 14:06:36
3344,417891840,buy,KSCW3PI80,413,221.78,2024-09-25 14:06:36
3345,240563201,buy,33RCZZP61,6834,376.41,2024-09-25 14:06:36
3346,571283456,buy,JKAE6IDO4,9034,241.42,2024-09-25 14:06:36
3347,143298498,sell,GANHC29M5,8121,168.40,2024-09-25 14:06:36
3348,344540410,buy,NLY5QT3K3,4233,295.00,2024-09-25 14:06:36
3349,416572338,sell,JBZJ5LXW0,5403,442.75,2024-09-25 14:06:36
3350,131463592,buy,76CORIML7,4128,174.04,2024-09-25 14:06:36
3351,894675776,sell,LNRB55B55,9378,482.42,2024-09-25 14:06:36
3352,652003333,sell,PRQK66WE8,6976,401.44,2024-09-25 14:06:36
3353,132183578,sell,SB583PMF9,2776,139.40,2024-09-25 14:06:36
3354,172658551,buy,H7GASANJ0,3728,17.85,2024-09-25 14:06:36
3355,188270138,sell,DKZQK4JV9,3296,204.44,2024-09-25 14:06:36
3356,624053686,sell,1JOTDM0R8,5665,261.86,2024-09-25 14:06:36
3357,757953895,sell,3A0JTYY77,9834,13.29,2024-09-25 14:06:36
3358,388207452,sell,Z45N8KLM6,4660,49.27,2024-09-25 14:06:36
3359,622963051,buy,ZLTLBTJ20,1044,211.56,2024-09-25 14:06:36
3360,777337479,buy,QRFUU75Q1,267,148.90,2024-09-25 14:06:36
3361,556658453,buy,2UTZ79C70,3511,481.13,2024-09-25 14:06:36
3362,954059429,sell,TAG8W7DO7,7771,397.68,2024-09-25 14:06:36
3363,419337632,sell,2ZX27KDU0,727,472.82,2024-09-25 14:06:36
3364,149154954,buy,955MZJYM3,1881,286.65,2024-09-25 14:06:36
3365,640052819,buy,Z8JHU3T08,934,399.69,2024-09-25 14:06:36
3366,311625348,buy,PL9NL1BL5,5754,212.12,2024-09-25 14:06:36
3367,640671175,buy,3YU1AMCM8,2990,213.21,2024-09-25 14:06:36
3368,637355154,buy,RVRKQF9T7,3035,58.17,2024-09-25 14:06:36
3369,718411995,sell,PEDR0K9O5,907,408.20,2024-09-25 14:06:36
3370,578147363,buy,LWHBBFFL8,6537,253.82,2024-09-25 14:06:36
3371,516005446,sell,R0LMGLX68,5661,486.31,2024-09-25 14:06:36
3372,332157751,buy,1653RHJ82,3314,340.32,2024-09-25 14:06:36
3373,860471069,sell,0YHNMWSS3,9424,28.84,2024-09-25 14:06:36
3374,453720452,sell,CCHBTBZ48,7035,221.31,2024-09-25 14:06:36
3375,661369844,buy,B1SBU77F4,1200,135.63,2024-09-25 14:06:36
3376,743934070,buy,CPSNYKQF0,5464,404.79,2024-09-25 14:06:36
3377,613997377,sell,2P77D1310,4163,171.97,2024-09-25 14:06:36
3378,974413218,buy,P6QJSAIH3,445,49.33,2024-09-25 14:06:36
3379,423499214,buy,A4RN81VP3,8273,231.49,2024-09-25 14:06:36
3380,685486112,buy,MI94LGXG1,2002,212.11,2024-09-25 14:06:36
3381,194109775,sell,VF21UPGX2,1580,151.05,2024-09-25 14:06:36
3382,342214622,sell,LBGM1BLO8,8361,233.01,2024-09-25 14:06:36
3383,374165847,sell,98ZHAOM77,9008,344.31,2024-09-25 14:06:36
3384,571315535,sell,M8ZNLR8Q4,3967,134.19,2024-09-25 14:06:36
3385,282657480,sell,OFM7URPP8,96,278.24,2024-09-25 14:06:36
3386,564278048,sell,HLGXJWEJ1,2336,313.94,2024-09-25 14:06:36
3387,747247967,buy,IRKWT3WH1,8235,256.91,2024-09-25 14:06:36
3388,397514975,buy,7NPD8ESF7,9745,172.14,2024-09-25 14:06:36
3389,270665091,buy,9O4Z6LSN6,3823,432.80,2024-09-25 14:06:36
3390,261989195,sell,EAR85XW70,7479,319.41,2024-09-25 14:06:36
3391,771989258,buy,PUKX1SON5,24,417.60,2024-09-25 14:06:36
3392,580151734,sell,61JKH2592,3018,431.05,2024-09-25 14:06:36
3393,578916442,sell,AHD6ES4I6,4327,351.74,2024-09-25 14:06:36
3394,912352427,buy,DZ94K7849,9862,234.16,2024-09-25 14:06:36
3395,956679451,buy,QEDVCLO54,3482,80.41,2024-09-25 14:06:36
3396,765010603,buy,NKWPJTG19,8431,68.73,2024-09-25 14:06:36
3397,950219033,sell,7153N0TG9,1553,207.48,2024-09-25 14:06:36
3398,627337929,buy,URZV3MB09,8675,271.64,2024-09-25 14:06:36
3399,672936394,buy,I6WJYYAJ9,124,44.10,2024-09-25 14:06:36
3400,495390272,sell,42NH4Q2P2,4648,481.06,2024-09-25 14:06:36
3401,808870962,sell,WZQ7BQS06,5102,217.07,2024-09-25 14:06:36
3402,427081755,sell,YE49GUEU6,8866,396.15,2024-09-25 14:06:36
3403,587675379,sell,LJP129NO9,8403,434.96,2024-09-25 14:06:36
3404,386532405,sell,P45V6GYX2,6713,25.11,2024-09-25 14:06:36
3405,978527211,buy,9YATOG8V6,4810,457.85,2024-09-25 14:06:36
3406,797109692,buy,HJCQCKAS2,961,52.70,2024-09-25 14:06:36
3407,264272466,sell,W10NOKV90,5393,18.29,2024-09-25 14:06:36
3408,752245084,buy,HP4XG6QE3,1028,263.26,2024-09-25 14:06:36
3409,585408038,sell,ZZ31IN5D8,2346,44.84,2024-09-25 14:06:36
3410,259647066,buy,UVW2PZCQ6,2439,112.14,2024-09-25 14:06:36
3411,806362002,sell,VOAQUKEU8,7093,364.21,2024-09-25 14:06:36
3412,880683975,buy,A3SIJNN82,8335,125.28,2024-09-25 14:06:36
3413,167715220,buy,UL1AMK927,114,458.94,2024-09-25 14:06:36
3414,518908707,sell,58WIUP931,5492,415.60,2024-09-25 14:06:36
3415,274291727,buy,TYTR1GOD5,2253,439.97,2024-09-25 14:06:36
3416,941861618,buy,QRVD9RCW0,4817,427.13,2024-09-25 14:06:36
3417,854507109,sell,8T4IP7A29,8421,348.34,2024-09-25 14:06:36
3418,245687497,buy,3C7A3PN33,7073,299.75,2024-09-25 14:06:36
3419,897148296,buy,TGU04OFE9,3400,420.16,2024-09-25 14:06:36
3420,970289239,sell,Z11V6CZA9,683,381.22,2024-09-25 14:06:36
3421,567718594,sell,PK6091P70,5011,231.59,2024-09-25 14:06:36
3422,683977485,buy,WOFFI4OO9,7553,476.85,2024-09-25 14:06:36
3423,104762362,sell,GDDDDYNT7,8787,493.41,2024-09-25 14:06:36
3424,331963106,buy,S3853I2G6,4995,145.78,2024-09-25 14:06:36
3425,712292817,buy,QFSNW2XR5,2799,272.30,2024-09-25 14:06:36
3426,665318659,buy,6FDD6W3O8,2281,220.85,2024-09-25 14:06:36
3427,446424641,buy,F0HSQ9ZE0,9319,125.20,2024-09-25 14:06:36
3428,805473596,buy,IS6Y4Z538,333,10.98,2024-09-25 14:06:36
3429,220199187,buy,R6PUXCTP7,2264,231.68,2024-09-25 14:06:36
3430,347682581,sell,EIDYEANW6,3301,343.68,2024-09-25 14:06:36
3431,358310720,buy,UIHOFXT09,745,184.13,2024-09-25 14:06:36
3432,359672638,sell,371ZIYZ29,5318,427.80,2024-09-25 14:06:36
3433,819752761,buy,YBE58VF68,4901,176.75,2024-09-25 14:06:36
3434,145311405,sell,JCQP3I4W5,5863,75.04,2024-09-25 14:06:36
3435,911200665,buy,Y0JN92C80,991,229.86,2024-09-25 14:06:36
3436,646245789,sell,4H2RP67M3,6562,316.48,2024-09-25 14:06:36
3437,831401151,buy,UNEOHFI67,5805,165.76,2024-09-25 14:06:36
3438,339066381,buy,D6O6LE6Q8,6091,293.49,2024-09-25 14:06:36
3439,686099986,buy,NVFZBQZP2,8399,420.88,2024-09-25 14:06:36
3440,870413029,sell,UN1ML6NN7,8033,329.05,2024-09-25 14:06:36
3441,630607658,buy,SIJ4G2XQ9,7090,68.70,2024-09-25 14:06:36
3442,689065930,buy,R61F31RC4,5287,498.85,2024-09-25 14:06:36
3443,936293778,buy,9O6HN5BY4,3931,351.38,2024-09-25 14:06:36
3444,468264256,buy,RMSLP7Z31,6420,32.80,2024-09-25 14:06:36
3445,463469414,buy,DXBV8JYK4,3206,494.42,2024-09-25 14:06:36
3446,583110878,sell,R5TXY4KU4,9328,362.67,2024-09-25 14:06:36
3447,269332899,sell,MILRYQR44,7063,244.56,2024-09-25 14:06:36
3448,912765851,sell,4FXOG4356,1313,18.26,2024-09-25 14:06:36
3449,892848959,sell,9I0M35TT6,7053,498.92,2024-09-25 14:06:36
3450,481606376,sell,V48CA0YL0,7900,120.27,2024-09-25 14:06:36
3451,391032477,buy,6H9EUI790,236,223.50,2024-09-25 14:06:36
3452,991334712,buy,0NM2JR5G3,9135,259.30,2024-09-25 14:06:36
3453,663905945,buy,1L5RNVKW4,3267,231.40,2024-09-25 14:06:36
3454,666288196,buy,Y5PBNUIY7,3301,438.55,2024-09-25 14:06:36
3455,796140128,buy,87ZIG5KT7,2696,365.01,2024-09-25 14:06:36
3456,566070179,buy,2DHT6T5M7,8891,140.77,2024-09-25 14:06:36
3457,968429658,sell,YBQIRUU38,5261,314.83,2024-09-25 14:06:36
3458,936785278,buy,13DRM5OQ2,5167,312.44,2024-09-25 14:06:36
3459,115135543,sell,516DUX3R2,7842,479.08,2024-09-25 14:06:36
3460,779599300,sell,1M0XB9578,8571,365.28,2024-09-25 14:06:36
3461,437556046,sell,8BLC3J7I9,9625,439.17,2024-09-25 14:06:36
3462,508480817,sell,7JP82A202,1327,131.19,2024-09-25 14:06:36
3463,334708204,sell,I6AJAOYO4,6438,266.48,2024-09-25 14:06:36
3464,893699033,sell,MDDHG8HQ8,4237,393.44,2024-09-25 14:06:36
3465,854666231,sell,MT9WR86E2,5271,335.28,2024-09-25 14:06:36
3466,611306625,buy,6R9MVPUL0,9336,277.75,2024-09-25 14:06:36
3467,848394943,sell,3WC9RC125,1530,162.53,2024-09-25 14:06:36
3468,589576171,buy,XN3EDVKS6,9042,446.11,2024-09-25 14:06:36
3469,571263979,sell,VKXN6J728,793,124.96,2024-09-25 14:06:36
3470,629189318,sell,MBU1ZTV44,2437,322.92,2024-09-25 14:06:36
3471,855864034,buy,1PHFHX755,6842,368.18,2024-09-25 14:06:36
3472,286101329,buy,APHZPVWE9,3854,270.28,2024-09-25 14:06:36
3473,630942861,sell,BOBFGRHI8,6821,174.51,2024-09-25 14:06:36
3474,957140889,buy,5ISXS93H5,5274,374.69,2024-09-25 14:06:36
3475,903743774,sell,L1LHDZZU0,5328,201.49,2024-09-25 14:06:36
3476,376286182,sell,KJRMPDOL3,8723,305.28,2024-09-25 14:06:36
3477,458745881,sell,AFEJ52II3,7794,310.67,2024-09-25 14:06:36
3478,630010183,sell,SS8FJK5K5,5139,30.33,2024-09-25 14:06:36
3479,891128630,buy,M6ESUIHL1,1871,120.52,2024-09-25 14:06:36
3480,476248512,buy,G227ZQ5Y8,285,143.82,2024-09-25 14:06:36
3481,451574989,sell,EWBYUDQV2,6616,153.09,2024-09-25 14:06:36
3482,343834017,buy,KHE79EN98,238,352.21,2024-09-25 14:06:36
3483,822859507,buy,X05EN1DK4,9615,471.69,2024-09-25 14:06:36
3484,643484508,buy,DHGQOF022,8051,75.23,2024-09-25 14:06:36
3485,929427449,sell,YRISLF9J8,707,120.19,2024-09-25 14:06:36
3486,323470341,buy,65K7WSH77,6756,29.37,2024-09-25 14:06:36
3487,707866739,buy,XYKKKSYB0,4599,191.68,2024-09-25 14:06:36
3488,909918840,buy,SCR7ID7L0,6556,21.57,2024-09-25 14:06:36
3489,563437978,sell,R8TU8O0U1,1925,145.09,2024-09-25 14:06:36
3490,223341370,sell,HYLKD9H83,9091,244.23,2024-09-25 14:06:36
3491,622336867,buy,VZ21G83U2,7829,88.21,2024-09-25 14:06:36
3492,781376212,sell,HUCFMZWF1,6015,301.34,2024-09-25 14:06:36
3493,383990271,buy,8BHYV9896,3935,119.73,2024-09-25 14:06:36
3494,315305712,buy,3PBHTRLN0,6784,155.15,2024-09-25 14:06:36
3495,751735061,sell,S516HTDA8,3995,308.30,2024-09-25 14:06:36
3496,996360980,buy,QE6VDTQ94,9092,64.79,2024-09-25 14:06:36
3497,450059505,buy,0774F8DB9,1205,405.00,2024-09-25 14:06:36
3498,444030886,buy,GGOD8X9M7,364,165.44,2024-09-25 14:06:36
3499,526767528,sell,U7OBSELS8,6924,187.58,2024-09-25 14:06:36
3500,928081848,sell,NVRM1B4M3,9852,172.25,2024-09-25 14:06:36
3501,287937668,buy,72UOOEWU7,2554,121.99,2024-09-25 14:06:36
3502,807831520,sell,M9Z1234M7,5844,416.43,2024-09-25 14:06:36
3503,481012264,sell,394NEVYN4,9863,491.05,2024-09-25 14:06:36
3504,846750289,sell,IEW2F7D98,2614,333.97,2024-09-25 14:06:36
3505,599748969,sell,Q4EBL3DP7,3235,220.81,2024-09-25 14:06:36
3506,665412299,sell,IGO0DZPM4,1542,47.57,2024-09-25 14:06:36
3507,765666346,sell,K2PF81LZ4,3831,385.16,2024-09-25 14:06:36
3508,478183351,sell,2KT1GRDV3,9460,27.85,2024-09-25 14:06:36
3509,812162310,buy,CERDFDDE2,2866,486.45,2024-09-25 14:06:36
3510,249615773,buy,WJIZUWFW9,3376,227.43,2024-09-25 14:06:36
3511,242777423,buy,8RLC37SN6,9800,431.90,2024-09-25 14:06:36
3512,888471272,sell,LY7XPRVT1,8824,268.19,2024-09-25 14:06:36
3513,596279770,buy,ZP8PPOZG2,5317,460.79,2024-09-25 14:06:36
3514,706822821,buy,R53DE75F1,6205,437.99,2024-09-25 14:06:36
3515,584246329,buy,3G8X0XYV5,5852,21.15,2024-09-25 14:06:36
3516,103632613,buy,NK1K4ADM8,3501,433.77,2024-09-25 14:06:36
3517,739325853,sell,8ZE5L7OO3,8448,257.38,2024-09-25 14:06:36
3518,248179914,sell,O1PBBDFW5,5586,276.06,2024-09-25 14:06:36
3519,699368533,sell,2M6Z4TF95,8363,425.26,2024-09-25 14:06:36
3520,899441437,sell,ULLOIFRS4,3477,115.54,2024-09-25 14:06:36
3521,507657310,sell,5SFHSI6X4,8549,272.98,2024-09-25 14:06:36
3522,107030693,buy,I8KSVV6E3,5789,73.18,2024-09-25 14:06:36
3523,440291817,buy,U2FXYU2E0,7032,63.68,2024-09-25 14:06:36
3524,608948268,sell,X5MSZ1QJ9,8347,411.47,2024-09-25 14:06:36
3525,517859795,sell,HP7K9VRL4,8378,174.55,2024-09-25 14:06:36
3526,220242203,buy,WVO7G3DQ2,5328,342.35,2024-09-25 14:06:36
3527,298259380,sell,IXT1GSCO3,9369,273.67,2024-09-25 14:06:36
3528,194164847,buy,CTOI27358,847,32.48,2024-09-25 14:06:36
3529,415489662,buy,GH2QR1YP4,5830,493.35,2024-09-25 14:06:36
3530,875784929,sell,9ZR1RNMZ3,1855,133.38,2024-09-25 14:06:36
3531,463413936,buy,KDUCONU93,9917,369.34,2024-09-25 14:06:36
3532,561696854,sell,Z00X55W09,708,52.81,2024-09-25 14:06:36
3533,573972466,buy,FFNW527I1,9649,391.31,2024-09-25 14:06:36
3534,415802181,sell,EB57A2RB3,3199,341.77,2024-09-25 14:06:36
3535,768721904,sell,5ELORH8U0,6155,29.99,2024-09-25 14:06:36
3536,758406774,buy,SZSJEXP40,526,24.76,2024-09-25 14:06:36
3537,700967929,sell,DE7I7TZZ5,9122,278.77,2024-09-25 14:06:36
3538,719261831,sell,9DYVQTZ90,4240,102.85,2024-09-25 14:06:36
3539,300236346,buy,0MCJLM700,9721,490.40,2024-09-25 14:06:36
3540,820730657,buy,2VEXGA5H2,3631,61.27,2024-09-25 14:06:36
3541,879565527,sell,2BNHYERJ5,1379,173.48,2024-09-25 14:06:36
3542,300964056,buy,QM3PNIX48,1826,127.43,2024-09-25 14:06:36
3543,136386915,buy,6JXH23SZ5,4448,314.84,2024-09-25 14:06:36
3544,293765207,buy,T9B1XOMP9,2446,392.29,2024-09-25 14:06:36
3545,255448166,buy,QIIHIWOK8,8212,228.55,2024-09-25 14:06:36
3546,916884433,sell,REFLVV320,8755,106.56,2024-09-25 14:06:36
3547,803044567,sell,M2QZGSL55,4396,216.64,2024-09-25 14:06:36
3548,988501730,sell,8YTBKMBG6,6367,47.43,2024-09-25 14:06:36
3549,790264878,buy,WW7MHAZL6,6047,451.96,2024-09-25 14:06:36
3550,699138419,sell,UVA9OQP33,6652,343.66,2024-09-25 14:06:36
3551,550667602,sell,8LTXLT544,7113,104.57,2024-09-25 14:06:36
3552,628248590,sell,OMFMRMBU7,8233,361.90,2024-09-25 14:06:36
3553,223405187,buy,Q6C4YOPK8,7083,338.77,2024-09-25 14:06:36
3554,946731745,buy,RFU7DSCJ1,6036,488.57,2024-09-25 14:06:36
3555,881708571,buy,BEWA4S9E7,9178,471.07,2024-09-25 14:06:36
3556,477119836,buy,PST6M5JF0,1864,308.81,2024-09-25 14:06:36
3557,801800383,buy,WCJJYM1A0,9037,389.38,2024-09-25 14:06:36
3558,363337374,sell,TY101JXZ9,5622,263.74,2024-09-25 14:06:36
3559,293549745,sell,HR7RUJ1K8,6870,325.49,2024-09-25 14:06:36
3560,391058701,buy,ED722BAN9,8353,267.03,2024-09-25 14:06:36
3561,367032642,sell,5DTFC47N5,3071,333.35,2024-09-25 14:06:36
3562,750335942,buy,YI07AVBO6,4832,85.24,2024-09-25 14:06:36
3563,362682568,buy,FHUS93CX3,5605,25.52,2024-09-25 14:06:36
3564,617294467,buy,FV9JEJ9K7,6243,286.32,2024-09-25 14:06:36
3565,959613563,sell,AG17OA2M0,5971,189.27,2024-09-25 14:06:36
3566,948500307,sell,MGWM73CK8,2579,163.71,2024-09-25 14:06:36
3567,935007782,buy,Z4M2XA2H9,7935,94.12,2024-09-25 14:06:36
3568,994924699,sell,9FQWC06M3,4282,254.68,2024-09-25 14:06:36
3569,486051508,buy,4DOZ8M876,1463,121.00,2024-09-25 14:06:36
3570,917845162,sell,8QJ4ZZFO4,6466,333.21,2024-09-25 14:06:36
3571,469180833,sell,GBO32LKN7,913,130.02,2024-09-25 14:06:36
3572,295073400,buy,9T03DJC12,4911,450.50,2024-09-25 14:06:36
3573,162872560,buy,4TRWAGTX5,4413,460.67,2024-09-25 14:06:36
3574,282709282,buy,XYU4XKBG2,8889,420.62,2024-09-25 14:06:36
3575,909297849,buy,NNSZE5CJ8,2815,233.77,2024-09-25 14:06:36
3576,920238387,sell,63RQLUQ21,1324,412.66,2024-09-25 14:06:36
3577,436028332,sell,CDHO7L2R5,4844,177.94,2024-09-25 14:06:36
3578,286114998,sell,L206I5O79,6528,248.64,2024-09-25 14:06:36
3579,284268027,buy,HA5DXEMB3,5999,196.02,2024-09-25 14:06:36
3580,141235477,sell,0NM9ZW9L4,8205,341.19,2024-09-25 14:06:36
3581,597278789,buy,G2SIF8PZ3,2339,240.77,2024-09-25 14:06:36
3582,805098528,buy,JUOKSHPP5,1361,175.15,2024-09-25 14:06:36
3583,903003398,buy,B05BPC6Z3,1999,428.93,2024-09-25 14:06:36
3584,595674502,buy,NCQF8KGU3,2140,276.31,2024-09-25 14:06:36
3585,190652565,sell,N8XAHSKO7,2396,434.45,2024-09-25 14:06:36
3586,889861740,sell,K0Q78XCX0,6976,18.56,2024-09-25 14:06:36
3587,593773776,sell,MNASEH382,6383,27.50,2024-09-25 14:06:36
3588,511563644,sell,2UJ57F8O1,4437,176.49,2024-09-25 14:06:36
3589,226492980,sell,CBNQITK07,2119,326.94,2024-09-25 14:06:36
3590,450931122,sell,ZW91X4791,4092,440.03,2024-09-25 14:06:36
3591,372013811,sell,0EU61G7G6,226,461.33,2024-09-25 14:06:36
3592,598084948,sell,PLICG7JH3,6934,422.30,2024-09-25 14:06:36
3593,385689971,buy,WPGI38CP6,5132,163.97,2024-09-25 14:06:36
3594,984667546,buy,ILM5L1WY6,561,349.88,2024-09-25 14:06:36
3595,885122617,buy,UACOZEZU8,1074,322.47,2024-09-25 14:06:36
3596,443322658,buy,LBQVAEUU7,8273,395.54,2024-09-25 14:06:36
3597,423129965,sell,V3QZS41U0,8050,182.47,2024-09-25 14:06:36
3598,858271613,buy,BNVR5EQV4,7474,33.77,2024-09-25 14:06:36
3599,828158640,sell,N4YGDXVU9,1331,231.78,2024-09-25 14:06:36
3600,808152534,sell,KVLTF1RA5,5885,163.80,2024-09-25 14:06:36
3601,602641991,buy,ZZ9KKRSF8,7739,247.61,2024-09-25 14:06:36
3602,474616494,buy,91J63ABP4,7615,420.96,2024-09-25 14:06:36
3603,533299645,sell,PR2VT5IY9,7037,490.95,2024-09-25 14:06:36
3604,330998919,sell,DE9MMKAQ3,2278,375.07,2024-09-25 14:06:36
3605,153211454,buy,SW6TFA557,1514,11.62,2024-09-25 14:06:36
3606,738258333,sell,9AO8RD6X1,5909,205.34,2024-09-25 14:06:36
3607,841683603,sell,LQWH46WG1,2032,431.92,2024-09-25 14:06:36
3608,134882754,buy,ACNGXQ2X6,4503,433.58,2024-09-25 14:06:36
3609,658093793,sell,17HD6QS88,1433,171.17,2024-09-25 14:06:36
3610,409914413,buy,46K1WWND1,3451,489.84,2024-09-25 14:06:36
3611,633842764,sell,0HNK563E3,2040,338.59,2024-09-25 14:06:36
3612,592515991,buy,6ZJ3VY9G9,6677,95.41,2024-09-25 14:06:36
3613,520724950,sell,VKS8EOCH8,1946,234.36,2024-09-25 14:06:36
3614,517817421,sell,TSD06J5H5,2771,175.92,2024-09-25 14:06:36
3615,702326002,buy,GH6F589V8,556,126.53,2024-09-25 14:06:36
3616,787822113,buy,H9LTOGQH1,9490,380.03,2024-09-25 14:06:36
3617,328287220,buy,MKFXKSXU9,4646,301.58,2024-09-25 14:06:36
3618,823650238,sell,FDL1K4BB5,6875,416.85,2024-09-25 14:06:36
3619,687179807,buy,TYZG3II43,5958,444.28,2024-09-25 14:06:36
3620,790503492,buy,66TX66OE3,6030,69.87,2024-09-25 14:06:36
3621,154328346,buy,8GS0OL5H3,4705,318.45,2024-09-25 14:06:36
3622,423771516,buy,IUIZVP380,8931,308.29,2024-09-25 14:06:36
3623,844574948,buy,XL1S8TUI3,4231,131.08,2024-09-25 14:06:36
3624,840759029,sell,J7YZMYOE7,2094,223.18,2024-09-25 14:06:36
3625,979628889,buy,DB2VTG1H8,215,67.70,2024-09-25 14:06:36
3626,275730833,buy,GZ73KYDQ6,2393,188.28,2024-09-25 14:06:36
3627,177314969,sell,73D9VJK56,7369,236.68,2024-09-25 14:06:36
3628,764484761,sell,ELO9PTXC2,3175,296.89,2024-09-25 14:06:36
3629,832722275,buy,99CMSOQR2,8574,36.73,2024-09-25 14:06:36
3630,430649074,sell,U3SY542V4,1278,125.94,2024-09-25 14:06:36
3631,858028419,sell,3E6KWHAF1,3337,133.64,2024-09-25 14:06:36
3632,753193771,sell,X5NMYGJN8,3827,383.17,2024-09-25 14:06:36
3633,144694842,sell,OUC436449,7306,294.34,2024-09-25 14:06:36
3634,767803089,buy,W97B9NFG5,1530,146.24,2024-09-25 14:06:36
3635,545867597,buy,I0FVFZCK7,473,136.13,2024-09-25 14:06:36
3636,107443909,sell,0D8V9FGO5,3413,31.78,2024-09-25 14:06:36
3637,190503088,buy,P3HDSY148,8621,347.39,2024-09-25 14:06:36
3638,872485861,buy,8JE3Q9MQ2,3292,17.85,2024-09-25 14:06:36
3639,672861351,sell,1CJNGIPN0,7221,55.30,2024-09-25 14:06:36
3640,995800169,buy,RA2L7Y2X6,9447,33.06,2024-09-25 14:06:36
3641,886653069,sell,3REOMGYG0,364,350.66,2024-09-25 14:06:36
3642,871042840,sell,7V7BSZBV7,2883,349.41,2024-09-25 14:06:36
3643,205732007,sell,Y5AMXUW63,9732,361.09,2024-09-25 14:06:36
3644,998829376,sell,CKMHGAAR3,2178,161.57,2024-09-25 14:06:36
3645,453041340,sell,9LQ5879U8,6117,476.02,2024-09-25 14:06:36
3646,194055748,buy,B66DW8CT3,2088,222.75,2024-09-25 14:06:36
3647,297732407,sell,1E9XTEV29,7310,49.27,2024-09-25 14:06:36
3648,794806467,buy,SBDQNHS03,4511,388.66,2024-09-25 14:06:36
3649,195645762,buy,FXVPMWXI4,8285,276.48,2024-09-25 14:06:36
3650,420727060,buy,8KP2BCQ27,4969,477.20,2024-09-25 14:06:36
3651,773044079,sell,I6RGMDTV3,6609,37.91,2024-09-25 14:06:36
3652,456995270,buy,0KLONHX45,4312,431.03,2024-09-25 14:06:36
3653,609893969,sell,GDAYH9LK6,343,199.74,2024-09-25 14:06:36
3654,799935811,sell,CQS33TPO9,6007,249.93,2024-09-25 14:06:36
3655,338084574,buy,D1SDYI0J9,7851,202.04,2024-09-25 14:06:36
3656,666075072,sell,SZ0S2PGQ1,6947,445.89,2024-09-25 14:06:36
3657,748115675,buy,A5ZXIALN4,6116,155.93,2024-09-25 14:06:36
3658,924318874,sell,OYYSV56L5,6279,44.13,2024-09-25 14:06:36
3659,309468207,sell,1NGPLVJC0,2841,219.34,2024-09-25 14:06:36
3660,789942893,sell,DLRZ1J0N2,9154,222.16,2024-09-25 14:06:36
3661,653752374,sell,OFA8IKCQ0,3510,339.91,2024-09-25 14:06:36
3662,640830901,buy,4YYZR7LA9,5052,71.78,2024-09-25 14:06:36
3663,223625854,sell,Z19GWX2H0,4051,36.93,2024-09-25 14:06:36
3664,257205934,sell,EYW67K6O4,564,448.67,2024-09-25 14:06:36
3665,220585777,buy,19NPZ9NJ7,193,140.49,2024-09-25 14:06:36
3666,555444835,sell,ACLIIP601,1914,350.85,2024-09-25 14:06:36
3667,500124566,sell,KXMDXQBG4,3008,174.81,2024-09-25 14:06:36
3668,478763413,buy,8Z29MHPR7,3840,60.62,2024-09-25 14:06:36
3669,410298921,sell,L07K7PCN1,3382,291.24,2024-09-25 14:06:36
3670,464214487,buy,OIOCAPJH0,4598,251.45,2024-09-25 14:06:36
3671,890733713,sell,TBZ2UEZ10,9242,409.59,2024-09-25 14:06:36
3672,302991594,buy,AC59E3QU4,8346,212.53,2024-09-25 14:06:36
3673,372523786,buy,HOUL726W4,7254,95.27,2024-09-25 14:06:36
3674,371706716,buy,OA7YNNFB6,1547,279.01,2024-09-25 14:06:36
3675,738089267,buy,6OXXS1XB2,9970,474.28,2024-09-25 14:06:36
3676,256930373,sell,908DE7FF6,9657,258.02,2024-09-25 14:06:36
3677,210100021,buy,867QVGMS1,4734,404.42,2024-09-25 14:06:36
3678,192465611,buy,M5121XST4,2069,249.05,2024-09-25 14:06:36
3679,873075262,buy,9MS1DZWW5,7013,273.34,2024-09-25 14:06:36
3680,282697180,buy,T6SJZPK83,4040,45.58,2024-09-25 14:06:36
3681,656839129,buy,DVQZ5UQX2,1779,43.31,2024-09-25 14:06:36
3682,151590245,sell,I3S3KRXF9,7843,411.82,2024-09-25 14:06:36
3683,525028244,sell,349JP05F4,3406,108.27,2024-09-25 14:06:36
3684,339878023,buy,CG4Y52898,1798,74.81,2024-09-25 14:06:36
3685,300947355,sell,XRFO19XT8,1088,171.18,2024-09-25 14:06:36
3686,863785411,sell,9NVVFK5P9,1842,257.02,2024-09-25 14:06:36
3687,302818738,sell,FW9KTLIZ8,7522,255.21,2024-09-25 14:06:36
3688,651042374,buy,C2G2H0939,6863,90.85,2024-09-25 14:06:36
3689,469513813,buy,ERZWOUBG9,9732,460.41,2024-09-25 14:06:36
3690,453599491,sell,3282FTYC9,2022,145.09,2024-09-25 14:06:36
3691,917600958,buy,MPPLJN735,6040,355.84,2024-09-25 14:06:36
3692,760471475,buy,7WOSQ0Z18,9657,67.88,2024-09-25 14:06:36
3693,462687755,sell,2EYVC0331,5598,218.22,2024-09-25 14:06:36
3694,489161331,buy,K8Z3H4UZ1,8487,311.60,2024-09-25 14:06:36
3695,310891362,buy,V82GZ4LM5,4734,92.18,2024-09-25 14:06:36
3696,443230753,buy,GKPG9Q696,4911,453.54,2024-09-25 14:06:36
3697,306193541,buy,OXJ3N0OC9,7259,436.57,2024-09-25 14:06:36
3698,419085146,sell,LMTU4NUA3,3247,135.15,2024-09-25 14:06:36
3699,416935945,sell,L9T3CCBM2,5779,47.79,2024-09-25 14:06:36
3700,895704500,buy,IQB61WSA6,9058,130.83,2024-09-25 14:06:36
3701,124980495,sell,RH5GSZZ58,9011,347.23,2024-09-25 14:06:36
3702,433367332,buy,7XQCVEJT0,9963,226.66,2024-09-25 14:06:36
3703,806701164,sell,88UJBRP94,406,87.50,2024-09-25 14:06:36
3704,475165598,sell,EHJ40MIA1,2567,343.30,2024-09-25 14:06:36
3705,564546566,sell,R8R6T3Y99,8083,455.07,2024-09-25 14:06:36
3706,852827558,buy,GU0L03YI9,3951,107.25,2024-09-25 14:06:36
3707,244288719,buy,VEGPZ4ZY6,8637,153.14,2024-09-25 14:06:36
3708,999980590,buy,3L7LE5T92,4280,214.27,2024-09-25 14:06:36
3709,445888861,buy,XB5JPEIP3,8482,402.18,2024-09-25 14:06:36
3710,502323557,buy,GAUT3RS29,7925,143.65,2024-09-25 14:06:36
3711,546175426,sell,C4RCH6IR5,2907,152.81,2024-09-25 14:06:36
3712,238569392,sell,SD9Y3LFV6,989,245.81,2024-09-25 14:06:36
3713,275555126,buy,UK3FB6YR6,5628,163.22,2024-09-25 14:06:36
3714,414745170,sell,88B5BVC66,9122,117.83,2024-09-25 14:06:36
3715,100622309,buy,FKTQWWFG6,8297,463.48,2024-09-25 14:06:36
3716,843616118,buy,I15AC81P6,4773,247.41,2024-09-25 14:06:36
3717,557233815,buy,XKE1SYQ43,7954,269.42,2024-09-25 14:06:36
3718,121869643,buy,MWTQEJ2L4,3875,334.02,2024-09-25 14:06:36
3719,595883029,buy,Y8XJP99B0,4929,83.99,2024-09-25 14:06:36
3720,512256101,sell,WT0F07RN5,2662,298.66,2024-09-25 14:06:36
3721,936859544,buy,R1QS346G8,5517,157.01,2024-09-25 14:06:36
3722,857006463,sell,9G0W6A651,6252,377.68,2024-09-25 14:06:36
3723,151898745,sell,9QNDGO473,2702,224.20,2024-09-25 14:06:36
3724,345562731,sell,JX20XSQC5,19,361.98,2024-09-25 14:06:36
3725,207476189,buy,44H6RZ514,4380,260.68,2024-09-25 14:06:36
3726,471416856,sell,QFCZON4C3,7541,257.75,2024-09-25 14:06:36
3727,975240467,sell,4JFNKKC26,6064,494.62,2024-09-25 14:06:36
3728,498506610,buy,SSKC53CS6,3808,63.15,2024-09-25 14:06:36
3729,641415095,sell,ASGGY7HB2,4068,386.74,2024-09-25 14:06:36
3730,887026943,sell,5YDNW08B0,6164,400.44,2024-09-25 14:06:36
3731,194493266,buy,RW5A7GJH5,2875,108.50,2024-09-25 14:06:36
3732,398905789,sell,Z3PHBKOI1,9076,452.64,2024-09-25 14:06:36
3733,307563024,buy,WOT1T1Q09,5796,371.61,2024-09-25 14:06:36
3734,952875825,sell,HH98B7Z87,3708,29.31,2024-09-25 14:06:36
3735,416027366,sell,Q7IEBU3O5,8706,466.97,2024-09-25 14:06:36
3736,587347682,sell,F58OZYNT3,4457,374.54,2024-09-25 14:06:36
3737,308440745,sell,N962SZKJ6,1102,210.15,2024-09-25 14:06:36
3738,860472577,buy,0US0ENJW9,130,274.40,2024-09-25 14:06:36
3739,236406315,buy,BK8UGMSC9,4468,351.12,2024-09-25 14:06:36
3740,374068221,buy,JHYYSQSE5,3165,50.65,2024-09-25 14:06:36
3741,443612800,sell,2DBEZ7Q56,9404,486.97,2024-09-25 14:06:36
3742,884081265,buy,U4VHNYFF0,3106,453.81,2024-09-25 14:06:36
3743,310917870,buy,2OE96MYB7,651,448.68,2024-09-25 14:06:36
3744,812298028,buy,3KQC9C3R2,5201,419.73,2024-09-25 14:06:36
3745,368932652,sell,MUNUL0TV7,8812,216.18,2024-09-25 14:06:36
3746,938014465,buy,NM95ID8Z5,6020,367.87,2024-09-25 14:06:36
3747,985004918,buy,N2D8WIDT9,2831,123.18,2024-09-25 14:06:36
3748,620111050,buy,V02EGN9O6,7237,173.87,2024-09-25 14:06:36
3749,546904895,buy,7ZLD2PGG6,5500,101.87,2024-09-25 14:06:36
3750,824758955,buy,SQ0E25Z69,4115,187.48,2024-09-25 14:06:36
3751,496789646,buy,MFO66AAB1,6989,313.05,2024-09-25 14:06:36
3752,836914975,buy,UPBAUT6S5,3426,285.85,2024-09-25 14:06:36
3753,185536054,buy,2C92OHMM4,7622,66.39,2024-09-25 14:06:36
3754,822612939,buy,IAPJS7S06,485,125.30,2024-09-25 14:06:36
3755,104392222,buy,20IF50ZQ6,7085,448.94,2024-09-25 14:06:36
3756,893651665,buy,FJB9MVQH5,4256,272.52,2024-09-25 14:06:36
3757,847388094,sell,82T8EOA85,6051,122.86,2024-09-25 14:06:36
3758,775448854,buy,FSKH42W43,9484,168.04,2024-09-25 14:06:36
3759,352009049,sell,HUXXFATI0,4366,162.14,2024-09-25 14:06:36
3760,997306111,sell,PK4GZI4P4,5892,75.45,2024-09-25 14:06:36
3761,177613619,sell,NRPESJDO2,3621,168.69,2024-09-25 14:06:36
3762,774252686,buy,5VGUHHWA2,4639,41.74,2024-09-25 14:06:36
3763,208280617,sell,632MSN271,4448,106.35,2024-09-25 14:06:36
3764,130086024,buy,BDQJP6514,9492,326.08,2024-09-25 14:06:36
3765,649526697,sell,6ENF7OL95,2467,305.09,2024-09-25 14:06:36
3766,310049182,sell,3ZGCA3ZH5,3634,203.50,2024-09-25 14:06:36
3767,173548342,buy,M0MMX9O78,7343,239.24,2024-09-25 14:06:36
3768,704595114,buy,RMVK2F2Y4,9980,413.75,2024-09-25 14:06:36
3769,842191439,sell,I172UAUH3,3299,450.64,2024-09-25 14:06:36
3770,837807143,buy,FAQQXEBV1,7191,364.99,2024-09-25 14:06:36
3771,764036574,sell,F0BK5S3Z2,1115,185.23,2024-09-25 14:06:36
3772,121724724,sell,2SC59DDF9,1454,101.93,2024-09-25 14:06:36
3773,864339344,buy,P3N9ZNVE1,7093,229.48,2024-09-25 14:06:36
3774,595387801,sell,JOQU017H8,2337,399.26,2024-09-25 14:06:36
3775,922377899,buy,5XM56GKY1,9795,188.36,2024-09-25 14:06:36
3776,285254227,buy,TIAL6D4H8,1928,309.91,2024-09-25 14:06:36
3777,133211940,buy,WC315L6J6,6412,274.58,2024-09-25 14:06:36
3778,194756433,buy,RHCXO2O11,3254,430.11,2024-09-25 14:06:36
3779,164160946,sell,7TDLN6WS6,3936,15.56,2024-09-25 14:06:36
3780,432100455,buy,FFARUGVF6,3091,186.60,2024-09-25 14:06:36
3781,402957816,buy,LEYSZLA46,6728,41.59,2024-09-25 14:06:36
3782,280674881,sell,2MGEQ0JP0,3571,128.14,2024-09-25 14:06:36
3783,164247924,buy,1F2I8SH81,8244,419.36,2024-09-25 14:06:36
3784,750242419,sell,ZWYRPWLY2,6900,400.73,2024-09-25 14:06:36
3785,183825740,sell,BLX6EQV15,319,346.98,2024-09-25 14:06:36
3786,724311980,buy,WYT6FU8K3,7733,84.04,2024-09-25 14:06:36
3787,406285204,sell,7D5ZJERU8,8407,411.57,2024-09-25 14:06:36
3788,371688726,sell,BYFZZQNB7,7483,160.01,2024-09-25 14:06:36
3789,111140646,sell,FXPPA0XW3,154,495.11,2024-09-25 14:06:36
3790,821075999,buy,UD3M74KC5,3218,156.68,2024-09-25 14:06:36
3791,223407987,sell,YGKD4HN77,486,25.12,2024-09-25 14:06:36
3792,359340633,sell,NN2GCK2W9,538,435.89,2024-09-25 14:06:36
3793,409808085,buy,0T7VW6I70,6237,191.58,2024-09-25 14:06:36
3794,335344385,sell,PUZ1ZWJR0,253,161.62,2024-09-25 14:06:36
3795,812475907,buy,CBL0BT8G2,5471,449.87,2024-09-25 14:06:36
3796,419507824,buy,DMFCI26T4,3832,366.88,2024-09-25 14:06:36
3797,754844272,sell,WDX1ZBSC1,8487,121.51,2024-09-25 14:06:36
3798,307310520,sell,441646Y00,36,491.53,2024-09-25 14:06:36
3799,858675589,sell,UXTZ8F501,6031,114.62,2024-09-25 14:06:36
3800,201981958,sell,QTU2URFS3,1530,110.20,2024-09-25 14:06:36
3801,495095524,buy,JCKRXMU06,410,160.52,2024-09-25 14:06:36
3802,374192878,sell,LDVH3C7Q5,1603,496.86,2024-09-25 14:06:36
3803,470591267,sell,U0SEB6952,7332,14.23,2024-09-25 14:06:36
3804,247168037,sell,AXQP4F8A7,8597,304.88,2024-09-25 14:06:36
3805,530658533,buy,ICPHNLQD4,18,341.80,2024-09-25 14:06:36
3806,803537470,buy,Q16WCMMV1,938,264.52,2024-09-25 14:06:36
3807,842210633,sell,C2KN3GRF1,2289,50.20,2024-09-25 14:06:36
3808,807097526,sell,0J1XC22M9,9597,492.46,2024-09-25 14:06:36
3809,225208406,sell,ZTLTAQF58,1952,285.13,2024-09-25 14:06:36
3810,275303449,buy,5OVRIO8D3,4215,186.11,2024-09-25 14:06:36
3811,407474313,sell,VC0L01IN3,1973,394.84,2024-09-25 14:06:36
3812,265419899,sell,L25KDPUJ1,5332,466.21,2024-09-25 14:06:36
3813,525259152,buy,E6VSMPDI5,7608,163.54,2024-09-25 14:06:36
3814,943046608,buy,WVU65BHN4,7115,132.37,2024-09-25 14:06:36
3815,940031471,buy,OAE1DH400,8096,166.30,2024-09-25 14:06:36
3816,846623675,sell,3EBMF4WZ1,7498,321.65,2024-09-25 14:06:36
3817,627676818,buy,847V93VK6,1229,156.11,2024-09-25 14:06:36
3818,316921511,buy,UIRW41WS7,8345,343.28,2024-09-25 14:06:36
3819,224395180,sell,91NP9AXD4,7315,33.81,2024-09-25 14:06:36
3820,919781641,buy,AKHLEIQ17,7462,39.72,2024-09-25 14:06:36
3821,670888283,buy,878AKIVW2,8006,319.46,2024-09-25 14:06:36
3822,632540902,sell,OR7GN6IX4,5104,269.04,2024-09-25 14:06:36
3823,229067707,buy,5DAIRFVM3,5359,321.06,2024-09-25 14:06:36
3824,650771562,sell,HLI0R7I04,3380,114.66,2024-09-25 14:06:36
3825,214639027,sell,3ZV15A650,1315,323.54,2024-09-25 14:06:36
3826,441471934,sell,T9CFCNPF1,9132,305.27,2024-09-25 14:06:36
3827,354520057,sell,80GAN0SY4,4060,51.12,2024-09-25 14:06:36
3828,634057682,buy,JPA9FF4E2,2805,119.19,2024-09-25 14:06:36
3829,881184447,buy,W99UZQOR1,8186,333.00,2024-09-25 14:06:36
3830,199782724,sell,OY0Y72X74,4413,379.24,2024-09-25 14:06:36
3831,549108410,buy,MFOVHGPW9,8021,124.72,2024-09-25 14:06:36
3832,195880130,buy,XY4EJB6F3,2499,490.50,2024-09-25 14:06:36
3833,178613441,sell,GMTC18K08,2763,210.75,2024-09-25 14:06:36
3834,324461120,buy,9QNKWTMM5,4073,69.24,2024-09-25 14:06:36
3835,386026508,buy,96GZCRBL4,6685,206.18,2024-09-25 14:06:36
3836,310524712,buy,4L2UF3YX1,595,485.32,2024-09-25 14:06:36
3837,277134461,sell,E6ITBT5H3,1150,428.72,2024-09-25 14:06:36
3838,941572742,buy,PGY0IJW06,6653,351.00,2024-09-25 14:06:36
3839,274916402,buy,7P0Z3NZ75,1843,336.08,2024-09-25 14:06:36
3840,806826113,buy,O44EX5I71,1350,97.94,2024-09-25 14:06:36
3841,219164153,buy,TLKWO5E17,8747,381.38,2024-09-25 14:06:36
3842,487708920,sell,APU2JKTG7,8959,236.72,2024-09-25 14:06:36
3843,933065638,buy,5YZ6I2EK8,6910,29.94,2024-09-25 14:06:36
3844,807530981,sell,DTZ0BNAU6,8632,416.85,2024-09-25 14:06:36
3845,404713278,sell,E2ZHEUCV4,8482,235.74,2024-09-25 14:06:36
3846,271749653,buy,AQOM1CF39,7189,470.09,2024-09-25 14:06:36
3847,623841495,sell,I72EUZ2S1,2007,70.30,2024-09-25 14:06:36
3848,104844689,buy,K126Z94U4,5432,392.78,2024-09-25 14:06:36
3849,203490664,buy,KUZ4CC8R0,9721,414.90,2024-09-25 14:06:36
3850,532043232,sell,OJJAKTMS1,9924,452.23,2024-09-25 14:06:36
3851,260143986,sell,UW7YQD1H2,2731,313.78,2024-09-25 14:06:36
3852,416661827,sell,FMIZCLWB2,926,73.80,2024-09-25 14:06:36
3853,308308611,buy,Z5WDY4OX5,5744,131.45,2024-09-25 14:06:36
3854,862266685,buy,2157RXEA8,1266,209.30,2024-09-25 14:06:36
3855,299619365,buy,K679VXG22,1468,210.39,2024-09-25 14:06:36
3856,595486260,buy,7PD4W0RC6,8606,231.02,2024-09-25 14:06:36
3857,953038197,buy,6HUTSG3F0,8010,134.17,2024-09-25 14:06:36
3858,571071108,buy,QQ6M18GN6,4728,347.76,2024-09-25 14:06:36
3859,695719621,buy,OFQO2RWK1,2914,307.32,2024-09-25 14:06:36
3860,794823842,sell,PZKEJ8PN0,7295,342.94,2024-09-25 14:06:36
3861,816868549,sell,F44PPLSY0,5325,97.97,2024-09-25 14:06:36
3862,124124706,buy,ABERMK4A7,4087,110.18,2024-09-25 14:06:36
3863,845898623,sell,TGS5D2O74,3186,206.32,2024-09-25 14:06:36
3864,629037879,sell,456HZHKC9,3436,89.79,2024-09-25 14:06:36
3865,932709402,sell,DVXJRLOQ3,766,260.06,2024-09-25 14:06:36
3866,652977351,buy,ECK8APPI8,6953,349.20,2024-09-25 14:06:36
3867,583902419,buy,LO1EXZ8E3,5745,231.21,2024-09-25 14:06:36
3868,572890244,buy,8T8Z5D5X4,4113,118.49,2024-09-25 14:06:36
3869,410061561,sell,MJX707B23,237,250.00,2024-09-25 14:06:36
3870,349877121,buy,TJ4AB4572,2580,380.40,2024-09-25 14:06:36
3871,256221487,sell,JD5X2UI73,616,289.94,2024-09-25 14:06:36
3872,803265092,sell,8OO8OYS98,2393,111.38,2024-09-25 14:06:36
3873,256077612,sell,4069C3SS1,8223,223.10,2024-09-25 14:06:36
3874,161978024,buy,FQ0B9H8B5,6232,172.09,2024-09-25 14:06:36
3875,736815536,sell,BTEPDTUM7,838,335.87,2024-09-25 14:06:36
3876,662497821,sell,MAEM0F4B0,1936,71.67,2024-09-25 14:06:36
3877,458726746,sell,U1KDHBB19,1066,139.84,2024-09-25 14:06:36
3878,179278103,sell,IZDLRRD93,173,479.44,2024-09-25 14:06:36
3879,735938978,buy,JRRKTK7Z9,4952,221.40,2024-09-25 14:06:36
3880,152201418,sell,T2DCY45W5,879,412.00,2024-09-25 14:06:36
3881,186386475,sell,AH62YMG34,8216,113.60,2024-09-25 14:06:36
3882,105680738,buy,65XZ2BRE5,2431,468.04,2024-09-25 14:06:36
3883,388587974,buy,1ZKMRX0T8,6690,468.41,2024-09-25 14:06:36
3884,196389596,buy,G4FJ2JOB5,4929,325.44,2024-09-25 14:06:36
3885,776605180,buy,ISTMHWCR1,6229,262.85,2024-09-25 14:06:36
3886,702672119,buy,LJTUM3L89,7590,495.56,2024-09-25 14:06:36
3887,794727239,sell,YAG2GDSM7,293,399.59,2024-09-25 14:06:36
3888,222625736,sell,3BK4DHZT1,9485,261.55,2024-09-25 14:06:36
3889,732355035,sell,V2FDKUC80,9797,350.87,2024-09-25 14:06:36
3890,776819467,sell,VKGHI8GQ8,553,117.80,2024-09-25 14:06:36
3891,793493843,buy,MY5Z39SS7,115,440.49,2024-09-25 14:06:36
3892,637146030,sell,UOX7KSQS2,1982,157.34,2024-09-25 14:06:36
3893,995794842,sell,E8EJCVN63,2188,120.69,2024-09-25 14:06:36
3894,787489232,sell,MX6JQMA42,7448,200.78,2024-09-25 14:06:36
3895,196626484,buy,UW57WHZB3,6497,135.88,2024-09-25 14:06:36
3896,556480806,sell,0VA23P8C5,1900,173.54,2024-09-25 14:06:36
3897,628413281,sell,UASG0JI83,2150,63.17,2024-09-25 14:06:36
3898,915288998,sell,XR46B5L77,9200,68.02,2024-09-25 14:06:36
3899,861377403,sell,PEYVVT9V4,6852,354.29,2024-09-25 14:06:36
3900,459237746,sell,E5O3P7ST7,6147,108.06,2024-09-25 14:06:36
3901,394470402,sell,5HDN4UM00,1532,255.69,2024-09-25 14:06:36
3902,172020291,buy,B6DAYWIG8,4537,96.66,2024-09-25 14:06:36
3903,291434015,sell,SRSLY2HD8,3515,269.11,2024-09-25 14:06:36
3904,665786282,sell,NHZLUG0G1,4034,93.15,2024-09-25 14:06:36
3905,348176866,sell,QWDJMIKC6,6683,100.23,2024-09-25 14:06:36
3906,596182795,sell,TTE5BEXE2,6128,346.96,2024-09-25 14:06:36
3907,233499780,sell,SQVWPZMC5,131,91.58,2024-09-25 14:06:36
3908,629043432,sell,X3VO05QR4,6242,426.58,2024-09-25 14:06:36
3909,357666926,buy,JIISNFZU9,9910,256.02,2024-09-25 14:06:36
3910,495235846,sell,TYJRP2N00,4283,171.01,2024-09-25 14:06:36
3911,223047786,buy,QGCW71ZU1,9943,363.40,2024-09-25 14:06:36
3912,302714886,sell,SUIMCBCM9,6716,474.21,2024-09-25 14:06:36
3913,529428570,buy,0IEI0NGJ9,9976,449.77,2024-09-25 14:06:36
3914,857752160,sell,NNBDEHAJ1,8108,272.58,2024-09-25 14:06:36
3915,735636480,buy,LX4ME88U7,6930,126.51,2024-09-25 14:06:36
3916,732166462,buy,01KQUCX53,3864,359.42,2024-09-25 14:06:36
3917,262836253,buy,LGXUD7B74,7003,478.65,2024-09-25 14:06:36
3918,824127501,sell,Z0X70ADH8,2069,163.39,2024-09-25 14:06:36
3919,997489886,buy,VMI2FP3O9,3401,466.28,2024-09-25 14:06:36
3920,469069334,buy,1EOI7RDO2,8020,149.03,2024-09-25 14:06:36
3921,821749354,buy,1MY1ZA7Q8,2215,160.33,2024-09-25 14:06:36
3922,544562032,buy,TGBN8HHJ8,3387,422.79,2024-09-25 14:06:36
3923,197389189,sell,6TRJA22K0,1979,12.96,2024-09-25 14:06:36
3924,322370855,buy,JGR8IT3T1,2963,48.54,2024-09-25 14:06:36
3925,934082634,buy,22PW0C6X3,8469,496.78,2024-09-25 14:06:36
3926,586159960,sell,61TX4BMB3,7846,57.52,2024-09-25 14:06:36
3927,737601320,buy,ZKAPP0ZZ0,3638,283.80,2024-09-25 14:06:36
3928,179482829,buy,EVAKV25P4,4706,403.47,2024-09-25 14:06:36
3929,396339522,sell,4SXBWVL74,6351,215.52,2024-09-25 14:06:36
3930,533913702,buy,8YFGVQQ81,4580,27.59,2024-09-25 14:06:36
3931,920055633,sell,6HIUPB0X9,5217,70.15,2024-09-25 14:06:36
3932,889297539,buy,F1YJBG2J4,32,363.80,2024-09-25 14:06:36
3933,121089472,sell,05FEF5P41,1509,449.78,2024-09-25 14:06:36
3934,704776849,sell,P5T7NYGW0,306,270.98,2024-09-25 14:06:36
3935,902449063,buy,VVPI1FSI9,4775,319.90,2024-09-25 14:06:36
3936,141306243,buy,XQEDWRZB8,9497,462.83,2024-09-25 14:06:36
3937,892719400,buy,UFYBE19Z0,6949,235.14,2024-09-25 14:06:36
3938,622521963,buy,3IA3QS8K0,6353,18.40,2024-09-25 14:06:36
3939,874167096,buy,FZOEUOGV1,7742,334.04,2024-09-25 14:06:36
3940,188131729,sell,PVQVOF6W4,6826,222.70,2024-09-25 14:06:36
3941,690576054,buy,D1OK2Y487,6945,367.93,2024-09-25 14:06:36
3942,296471586,buy,HRCAURLU7,2924,129.13,2024-09-25 14:06:36
3943,180996473,buy,OGKS9TIA3,146,244.24,2024-09-25 14:06:36
3944,463604256,buy,X3K8LG753,2714,262.23,2024-09-25 14:06:36
3945,347396833,buy,HV4WNHAS6,2666,248.52,2024-09-25 14:06:36
3946,831139904,sell,ZQGGJXVF4,2275,376.18,2024-09-25 14:06:36
3947,827253590,buy,R87HLY4M1,9371,10.65,2024-09-25 14:06:36
3948,106200507,sell,LI1YZXNJ7,8552,496.92,2024-09-25 14:06:36
3949,141341577,buy,KFN41WRD4,8794,318.16,2024-09-25 14:06:36
3950,563623848,buy,8574UIIB1,2861,408.58,2024-09-25 14:06:36
3951,757901142,sell,BKHHR79G1,6460,262.02,2024-09-25 14:06:36
3952,163812393,buy,CQ7ZDCKB0,5620,166.60,2024-09-25 14:06:36
3953,494712432,buy,SL5PCTPW1,5409,284.03,2024-09-25 14:06:36
3954,561766078,sell,F7DGI4YU0,2794,176.60,2024-09-25 14:06:36
3955,804669534,sell,ZTR90V3N0,7101,98.56,2024-09-25 14:06:36
3956,444358309,sell,SMCNUF102,713,197.41,2024-09-25 14:06:36
3957,290257402,sell,I3P3QUTB3,5624,364.54,2024-09-25 14:06:36
3958,443805653,buy,HELPHRYG5,5118,264.75,2024-09-25 14:06:36
3959,809528538,sell,735D02BJ7,7967,161.52,2024-09-25 14:06:36
3960,301265447,buy,70SW2Q368,7466,359.81,2024-09-25 14:06:36
3961,629976952,buy,XIZNKL5L8,2723,424.78,2024-09-25 14:06:36
3962,742910334,sell,BV295J862,2878,196.46,2024-09-25 14:06:36
3963,271193961,sell,V6QYN7TC4,1268,142.41,2024-09-25 14:06:36
3964,125772070,sell,IO2P1OFS2,417,471.96,2024-09-25 14:06:36
3965,620853203,buy,FAKN3POK2,8200,437.91,2024-09-25 14:06:36
3966,935885703,buy,UP0N1NDY3,1687,150.90,2024-09-25 14:06:36
3967,611153156,sell,ET4E0ZMX5,2933,407.83,2024-09-25 14:06:36
3968,947629482,sell,GH5JZEJ77,3609,32.39,2024-09-25 14:06:36
3969,641649819,sell,B6OYIK2A8,1296,395.00,2024-09-25 14:06:36
3970,901127516,buy,XPXY711J8,9661,389.91,2024-09-25 14:06:36
3971,494843360,buy,JKTA7PY95,5142,70.58,2024-09-25 14:06:36
3972,687751129,sell,TR8OYFV14,4290,92.60,2024-09-25 14:06:36
3973,628213380,buy,A1IIE8EU6,9129,355.16,2024-09-25 14:06:36
3974,773209987,buy,YKQS55210,5589,123.68,2024-09-25 14:06:36
3975,723189077,sell,0AJELXZ05,1146,222.11,2024-09-25 14:06:36
3976,825154524,buy,CAG18J072,5537,279.92,2024-09-25 14:06:36
3977,913386279,sell,FHPVA9C17,7224,424.50,2024-09-25 14:06:36
3978,666075018,sell,5HFJV5J14,7120,35.64,2024-09-25 14:06:36
3979,884938526,buy,SB809CZC9,4864,164.92,2024-09-25 14:06:36
3980,775000561,buy,1DYG8WIE2,3959,315.74,2024-09-25 14:06:36
3981,624715896,buy,2M1JED5Z3,7341,382.05,2024-09-25 14:06:36
3982,930304201,buy,1ERDETLS0,4906,241.89,2024-09-25 14:06:36
3983,302165847,buy,4ANW94HV6,596,76.38,2024-09-25 14:06:36
3984,688739526,buy,UZJGI1JT1,3159,10.19,2024-09-25 14:06:36
3985,932296839,sell,SYWLXMVT4,8782,57.38,2024-09-25 14:06:36
3986,961662751,buy,45IIAD9Y5,2896,30.76,2024-09-25 14:06:36
3987,253334385,sell,EBRVQ2N80,4807,451.80,2024-09-25 14:06:36
3988,452569940,sell,E1U2I4EO2,9956,360.60,2024-09-25 14:06:36
3989,773400103,buy,L38RQJ310,1484,66.82,2024-09-25 14:06:36
3990,591573940,buy,S59SBRLT2,8018,373.77,2024-09-25 14:06:36
3991,368505564,buy,7SS9YY1U5,8554,59.43,2024-09-25 14:06:36
3992,495786945,buy,Z979GB2N4,5839,30.94,2024-09-25 14:06:36
3993,641813517,buy,K3D55BX02,7661,229.70,2024-09-25 14:06:36
3994,957364939,buy,53FWWILM8,4796,205.69,2024-09-25 14:06:36
3995,548874586,sell,HUVV4Z8Z8,1888,379.91,2024-09-25 14:06:36
3996,292373023,buy,60A78P3V4,1723,262.40,2024-09-25 14:06:36
3997,524524874,sell,PVS03TH43,9584,39.45,2024-09-25 14:06:36
3998,487685059,buy,PKZBZQTP6,7253,400.87,2024-09-25 14:06:36
3999,146756948,buy,ZE1B7HKI2,4118,267.46,2024-09-25 14:06:36
4000,585800316,sell,8XDBQ8551,9944,395.12,2024-09-25 14:06:36
