1,581359928,buy,P9LJHIIK0,9346,69.71,2024-09-25 14:06:36
2,449458761,buy,L5UU11GL1,9282,147.97,2024-09-25 14:06:36
3,444327031,sell,E7U9M5TJ1,7780,211.91,2024-09-25 14:06:36
4,979132837,buy,LVKXTGYI3,8083,176.67,2024-09-25 14:06:36
5,931672447,sell,3X19JGL07,4462,83.54,2024-09-25 14:06:36
6,655876901,buy,B81RXT044,1270,203.13,2024-09-25 14:06:36
7,550724902,sell,NFVRIZ7U0,1956,277.29,2024-09-25 14:06:36
8,462271650,buy,1MCWHUEQ2,4739,288.46,2024-09-25 14:06:36
9,973551471,sell,GHMZL2J57,5389,241.20,2024-09-25 14:06:36
10,731735197,sell,QGMH9EKH8,2897,496.06,2024-09-25 14:06:36
11,365415264,sell,WY7NFU1U5,5810,271.55,2024-09-25 14:06:36
12,491048616,buy,UVHX92WX9,6411,412.16,2024-09-25 14:06:36
13,234697683,buy,F1PK6G6F1,354,205.09,2024-09-25 14:06:36
14,860466866,buy,I3O2TOR52,2158,201.30,2024-09-25 14:06:36
15,726777274,buy,WK0X73444,1712,76.14,2024-09-25 14:06:36
16,140113837,sell,5EALXULC7,378,40.00,2024-09-25 14:06:36
17,855528818,buy,F3SKW4FG0,7588,32.94,2024-09-25 14:06:36
18,713944868,buy,V8X8DT4F2,7143,63.21,2024-09-25 14:06:36
19,533335262,buy,GIHH4KP20,9697,161.00,2024-09-25 14:06:36
20,319587714,sell,X2C4VAU26,9710,60.23,2024-09-25 14:06:36
21,798933332,sell,N9NRHFKH2,7541,75.57,2024-09-25 14:06:36
22,444632917,sell,B40DT6KZ9,6824,282.32,2024-09-25 14:06:36
23,624346620,buy,9N1XQ8Q47,3132,21.49,2024-09-25 14:06:36
24,651356144,buy,LLU1DX745,3436,169.05,2024-09-25 14:06:36
25,271258895,buy,T19E5U8B5,8048,378.29,2024-09-25 14:06:36
26,934169056,buy,1NKJ5BNK8,7597,348.99,2024-09-25 14:06:36
27,791408823,buy,BB3VMI0R1,8575,13.27,2024-09-25 14:06:36
28,651291697,sell,9C4IFCI50,9688,486.71,2024-09-25 14:06:36
29,169639971,sell,4BN7IAXY1,1745,117.92,2024-09-25 14:06:36
30,138806487,buy,HU5HE6TU9,8284,421.06,2024-09-25 14:06:36
31,586444502,sell,XF0CML1W4,9009,316.83,2024-09-25 14:06:36
32,191635869,buy,OA1OP4O57,1569,187.86,2024-09-25 14:06:36
33,159911228,sell,26F3TT1E8,7975,180.26,2024-09-25 14:06:36
34,356166034,sell,NQ2NPT2D6,9733,79.26,2024-09-25 14:06:36
35,304624712,sell,NJQBDE0P3,8520,294.88,2024-09-25 14:06:36
36,847741898,buy,0NTG3EH86,6652,297.86,2024-09-25 14:06:36
37,878849495,buy,P46N1QYF1,2500,362.44,2024-09-25 14:06:36
38,778730993,sell,Z0GCTW8B6,528,98.33,2024-09-25 14:06:36
39,213984722,sell,E90A5GOB4,2145,66.90,2024-09-25 14:06:36
40,459467205,sell,SCJ72FBN2,7423,109.92,2024-09-25 14:06:36
41,102964723,sell,OUOIYZSH2,413,87.89,2024-09-25 14:06:36
42,840049687,sell,9FWX0C3P7,2111,469.08,2024-09-25 14:06:36
43,753846788,sell,U2QCKH5V7,3056,479.42,2024-09-25 14:06:36
44,214079624,sell,KNLSU3EA8,6830,260.40,2024-09-25 14:06:36
45,842058172,buy,0FS1XUXX5,9441,201.24,2024-09-25 14:06:36
46,163066310,sell,MAXG6N6O9,3840,115.51,2024-09-25 14:06:36
47,295504478,buy,4P0XSG9T2,8727,368.64,2024-09-25 14:06:36
48,743485718,sell,Y5BEMBGI6,7229,246.92,2024-09-25 14:06:36
49,890752154,buy,FOW396H92,1507,100.76,2024-09-25 14:06:36
50,964752462,sell,4UZAQXQO0,8953,474.68,2024-09-25 14:06:36
51,253086109,buy,R7L8BRYV0,4716,29.79,2024-09-25 14:06:36
52,829549873,buy,AIM72FKJ3,5732,461.21,2024-09-25 14:06:36
53,602280493,sell,TF7GJ1CB5,1826,198.21,2024-09-25 14:06:36
54,111971104,buy,PEJ4EGG57,5911,255.74,2024-09-25 14:06:36
55,279911096,sell,RJ9FANR65,342,141.71,2024-09-25 14:06:36
56,732271677,sell,WW1BHCEW1,3718,408.77,2024-09-25 14:06:36
57,194997902,sell,4NVIE6PA6,51,113.25,2024-09-25 14:06:36
58,371914392,sell,JD94JV9T5,9566,154.55,2024-09-25 14:06:36
59,391339567,sell,5HOPRN768,799,415.59,2024-09-25 14:06:36
60,598149997,buy,ZFJMPV5B7,5395,258.58,2024-09-25 14:06:36
61,474919571,sell,LN93RCGI1,1348,416.14,2024-09-25 14:06:36
62,747810668,sell,ZKB1SDDM4,4249,483.60,2024-09-25 14:06:36
63,158229725,sell,C9SJZVBO7,2117,246.34,2024-09-25 14:06:36
64,883178319,sell,FDQDSWMP1,5318,136.53,2024-09-25 14:06:36
65,455080235,sell,MEZYKXF95,5064,451.14,2024-09-25 14:06:36
66,690612169,buy,JVDX2TCE8,3899,38.88,2024-09-25 14:06:36
67,503523224,buy,CZ2B06P87,636,440.80,2024-09-25 14:06:36
68,261957214,buy,R4O9IN6D5,5262,240.55,2024-09-25 14:06:36
69,168099643,buy,K4JOR9RS0,6398,115.00,2024-09-25 14:06:36
70,947438324,buy,5C30F4EC1,8545,51.89,2024-09-25 14:06:36
71,692265619,sell,KYGTE7JX2,984,275.62,2024-09-25 14:06:36
72,122329454,buy,56J2AFJT1,4789,193.21,2024-09-25 14:06:36
73,198038443,buy,KTFSG2CL8,2186,98.75,2024-09-25 14:06:36
74,352616687,sell,JUA7X6OL7,1272,377.57,2024-09-25 14:06:36
75,389533495,buy,5A5JF8525,9140,244.78,2024-09-25 14:06:36
76,501405992,sell,FTTQCWW13,4341,296.95,2024-09-25 14:06:36
77,460601943,sell,6PV0VE183,7527,345.25,2024-09-25 14:06:36
78,823478672,buy,EYMGXFUY6,8095,109.82,2024-09-25 14:06:36
79,538218493,buy,4CV3SJFO1,9392,160.97,2024-09-25 14:06:36
80,280112094,sell,BWSMRD6W7,3101,73.38,2024-09-25 14:06:36
81,261723191,sell,H37B2SGD7,8597,365.53,2024-09-25 14:06:36
82,916441323,buy,345DVA836,5621,62.09,2024-09-25 14:06:36
83,543090447,buy,JD26XQDU4,9268,136.85,2024-09-25 14:06:36
84,620499737,buy,DH4RFUUS0,623,371.35,2024-09-25 14:06:36
85,647854096,sell,UP3ZEU7T1,8028,93.66,2024-09-25 14:06:36
86,217315516,sell,QUJAX1BG9,995,127.46,2024-09-25 14:06:36
87,627302390,buy,UDUDE6R43,1685,204.10,2024-09-25 14:06:36
88,920212958,buy,L2Y5U8MR2,2635,289.24,2024-09-25 14:06:36
89,289204954,buy,BFPDUHP52,8813,96.85,2024-09-25 14:06:36
90,590184422,sell,H9KNF5GG2,4395,371.91,2024-09-25 14:06:36
91,623111307,buy,3BQ7VNH57,9602,315.69,2024-09-25 14:06:36
92,322785242,buy,CAVX12B85,6781,302.46,2024-09-25 14:06:36
93,475258947,sell,VIJ8HNST9,9511,58.62,2024-09-25 14:06:36
94,696317081,buy,ZSU08KTV7,8373,359.86,2024-09-25 14:06:36
95,862523905,sell,KXLETSCZ1,19,73.26,2024-09-25 14:06:36
96,754395318,sell,HLQQZLSM9,9974,221.90,2024-09-25 14:06:36
97,103275517,sell,FV181Q448,2095,15.88,2024-09-25 14:06:36
98,237112814,sell,ZWU89BXN3,5633,382.07,2024-09-25 14:06:36
99,843789538,buy,1JMVP4J27,5819,311.21,2024-09-25 14:06:36
100,259375849,buy,D6LEQEYA3,7054,90.84,2024-09-25 14:06:36
101,937769425,sell,TLUQN77G1,9864,196.33,2024-09-25 14:06:36
102,853661333,buy,MJ2NUHS11,2895,89.44,2024-09-25 14:06:36
103,229109784,buy,B5PI45V51,8121,227.61,2024-09-25 14:06:36
104,143430004,buy,BK97L7OS5,3777,486.44,2024-09-25 14:06:36
105,270264330,sell,XA2F6UEV2,1744,391.03,2024-09-25 14:06:36
106,703572133,sell,590SLK6T9,9668,209.75,2024-09-25 14:06:36
107,564748594,buy,7RCS3BH96,5504,385.15,2024-09-25 14:06:36
108,614653870,buy,JR021X2E2,326,441.04,2024-09-25 14:06:36
109,929696851,sell,45KIQ2AN1,6001,134.46,2024-09-25 14:06:36
110,661352471,buy,2SDYHG089,7694,480.05,2024-09-25 14:06:36
111,263285710,sell,PC7KEYO76,7760,233.68,2024-09-25 14:06:36
112,324723843,buy,JFHBJEP65,3885,171.41,2024-09-25 14:06:36
113,754925217,sell,RUWEJ0XX2,4945,98.55,2024-09-25 14:06:36
114,127559599,sell,Q15R6HMW9,324,225.31,2024-09-25 14:06:36
115,932496900,sell,QVG00AU44,3536,209.27,2024-09-25 14:06:36
116,259930052,buy,VUMWNK6J0,5548,178.33,2024-09-25 14:06:36
117,346880353,sell,132UW3WW9,580,11.22,2024-09-25 14:06:36
118,712383721,sell,3VVTJJ7E4,3505,274.22,2024-09-25 14:06:36
119,121366809,sell,2Y35DO2O0,945,225.05,2024-09-25 14:06:36
120,437042481,sell,DEIKONK62,9328,122.98,2024-09-25 14:06:36
121,874238553,sell,LL3M9DHV7,9446,440.65,2024-09-25 14:06:36
122,339650620,sell,NUN7HYGM2,233,18.25,2024-09-25 14:06:36
123,521632614,buy,O391YKGV1,7394,483.24,2024-09-25 14:06:36
124,362902672,sell,ETY6HD386,3049,133.17,2024-09-25 14:06:36
125,514931978,sell,7QRUUCNL1,1817,123.64,2024-09-25 14:06:36
126,616171775,sell,IZ31VAVE9,128,321.24,2024-09-25 14:06:36
127,573974154,buy,7LHY4VWK4,1825,408.53,2024-09-25 14:06:36
128,784061373,sell,UG0O5FLS8,7086,281.97,2024-09-25 14:06:36
129,554797919,sell,IHXLXXN33,6780,434.10,2024-09-25 14:06:36
130,166339213,buy,QS4XQ2SS2,693,46.09,2024-09-25 14:06:36
131,684063326,sell,AOID27292,7295,68.98,2024-09-25 14:06:36
132,129072785,buy,2C8O162R7,8509,54.21,2024-09-25 14:06:36
133,669673542,sell,9KPZUA271,8734,131.59,2024-09-25 14:06:36
134,548053517,buy,C8QMT9U01,7258,166.77,2024-09-25 14:06:36
135,635678484,sell,DOF322B95,8077,420.58,2024-09-25 14:06:36
136,841571997,buy,4RH41SY28,8150,416.26,2024-09-25 14:06:36
137,308998873,sell,XA388MT05,4941,393.41,2024-09-25 14:06:36
138,315474365,buy,NUEHPFSL1,4586,264.41,2024-09-25 14:06:36
139,186878628,sell,4SJ48PNR0,571,57.31,2024-09-25 14:06:36
140,280637594,sell,Y8VCJG241,4682,429.40,2024-09-25 14:06:36
141,657233036,sell,0NKH0PCJ2,2859,223.58,2024-09-25 14:06:36
142,990538271,sell,G2OTJTWK8,458,302.92,2024-09-25 14:06:36
143,484391775,buy,H0SVVOAL1,7877,461.81,2024-09-25 14:06:36
144,925385255,buy,PKULP1860,8380,38.94,2024-09-25 14:06:36
145,244452437,sell,QWFC6QXF8,9879,165.56,2024-09-25 14:06:36
146,592525518,sell,DJ3O4VE60,3238,436.98,2024-09-25 14:06:36
147,397980152,buy,4ZH30XWQ1,7614,451.38,2024-09-25 14:06:36
148,577811452,sell,FTBZY9UG8,3084,192.28,2024-09-25 14:06:36
149,953842068,sell,WNWNBDKZ1,4020,74.60,2024-09-25 14:06:36
150,125873888,buy,U8TRX6J01,4076,115.93,2024-09-25 14:06:36
151,567369010,sell,EVNXAXX50,355,218.80,2024-09-25 14:06:36
152,363459112,buy,ZEQI1PDW5,8663,101.01,2024-09-25 14:06:36
153,199948768,buy,CZ5OR18U8,1325,489.80,2024-09-25 14:06:36
154,990254641,sell,WL4N6JW52,8019,327.71,2024-09-25 14:06:36
155,926551659,buy,1LMVGXUP4,7466,188.67,2024-09-25 14:06:36
156,923723431,sell,H55C1I620,3805,333.54,2024-09-25 14:06:36
157,694289231,sell,9W1LU7QS7,6473,328.16,2024-09-25 14:06:36
158,205589067,buy,2VF21O3M6,6135,294.97,2024-09-25 14:06:36
159,640327159,sell,42XS13VV6,8520,322.49,2024-09-25 14:06:36
160,616598170,sell,RZ045NS84,5826,447.79,2024-09-25 14:06:36
161,201953599,sell,68NQQZDR7,3158,135.38,2024-09-25 14:06:36
162,312156639,sell,6WP6K3DB8,7530,278.42,2024-09-25 14:06:36
163,598216674,sell,B1SN2OMA6,4312,481.59,2024-09-25 14:06:36
164,578826865,sell,XVSD66PS1,8459,407.90,2024-09-25 14:06:36
165,268114810,sell,6XUK6BEC4,389,395.13,2024-09-25 14:06:36
166,582347630,buy,6QOKLBLZ0,4735,40.69,2024-09-25 14:06:36
167,103860171,buy,0PH09Z6Z8,7129,160.16,2024-09-25 14:06:36
168,659002810,buy,UAMOOB975,2350,454.10,2024-09-25 14:06:36
169,628635839,buy,E51ZFB675,1164,427.59,2024-09-25 14:06:36
170,280119342,buy,6NOUVIWO2,4346,31.24,2024-09-25 14:06:36
171,742112122,buy,AQRKG1OD6,849,40.56,2024-09-25 14:06:36
172,358336440,sell,BBPGAECB4,7806,377.58,2024-09-25 14:06:36
173,566166060,sell,EM7GS4D11,4942,319.33,2024-09-25 14:06:36
174,688023250,buy,X7C167N32,2087,223.43,2024-09-25 14:06:36
175,478578905,sell,NDAZNA5X5,5459,169.48,2024-09-25 14:06:36
176,354555841,sell,NJ5TJYH46,1947,399.40,2024-09-25 14:06:36
177,218030906,sell,QCL8WE1J9,6329,288.13,2024-09-25 14:06:36
178,598417028,sell,NVZKTHXZ4,7261,114.19,2024-09-25 14:06:36
179,210566646,sell,87L3VDUR4,7685,206.12,2024-09-25 14:06:36
180,859395747,buy,RHOTY82J8,7717,234.41,2024-09-25 14:06:36
181,248785365,sell,IWCK9MFK7,5279,314.74,2024-09-25 14:06:36
182,833099301,sell,XHMWIW483,5233,446.34,2024-09-25 14:06:36
183,910702099,buy,F8N5DBWH1,659,216.54,2024-09-25 14:06:36
184,548902208,buy,3BOC7INI1,4676,422.19,2024-09-25 14:06:36
185,922741414,buy,8VELKJQ93,7743,326.32,2024-09-25 14:06:36
186,493005632,sell,VBDK33VL5,1039,128.27,2024-09-25 14:06:36
187,362620658,sell,DRQNHXM88,1072,407.37,2024-09-25 14:06:36
188,310188459,buy,H9CQ3MWA5,6765,351.48,2024-09-25 14:06:36
189,682891866,sell,0DBGUQP73,6353,392.28,2024-09-25 14:06:36
190,832436610,sell,UAWKW5AG4,8265,213.56,2024-09-25 14:06:36
191,708084301,sell,HNT0UG2F8,9831,475.02,2024-09-25 14:06:36
192,132017306,buy,YFS8RQEL6,4619,375.99,2024-09-25 14:06:36
193,345519575,buy,YJLEMI923,484,26.51,2024-09-25 14:06:36
194,165508401,buy,4PJP8LQ04,6397,444.73,2024-09-25 14:06:36
195,209262123,sell,XZJ2VNTW8,8169,19.51,2024-09-25 14:06:36
196,302129554,buy,BC0PTSX25,4348,248.98,2024-09-25 14:06:36
197,664138057,sell,NRFBYU6H0,1611,305.96,2024-09-25 14:06:36
198,301113568,sell,Y1HW3M5T4,1609,151.54,2024-09-25 14:06:36
199,647237668,buy,KKBU47YT7,9190,250.86,2024-09-25 14:06:36
200,660476602,sell,S6ONJ4MR0,9128,303.44,2024-09-25 14:06:36
201,436496366,buy,L1HDV5699,4768,239.53,2024-09-25 14:06:36
202,773207835,buy,V281XU8J1,5897,257.44,2024-09-25 14:06:36
203,327954372,buy,7SAUSYG53,6053,89.67,2024-09-25 14:06:36
204,299303688,sell,1JAXQH7U7,2710,194.44,2024-09-25 14:06:36
205,633068638,buy,Y8BSLNRP6,3744,401.48,2024-09-25 14:06:36
206,205101411,buy,Z8J222JI6,7194,488.06,2024-09-25 14:06:36
207,385377082,sell,IV6BSCIQ1,6933,143.34,2024-09-25 14:06:36
208,977117054,sell,BPEU2W1G4,8350,459.19,2024-09-25 14:06:36
209,532741161,buy,BOJKOZOV5,569,205.70,2024-09-25 14:06:36
210,577508148,buy,FW2FM4205,9070,300.04,2024-09-25 14:06:36
211,910635408,buy,02PEY80B1,363,240.68,2024-09-25 14:06:36
212,798356896,buy,BIO34YNN4,6152,308.09,2024-09-25 14:06:36
213,276013907,sell,UL4C4UQG8,5845,142.99,2024-09-25 14:06:36
214,480952791,buy,DXMNOFXV7,5294,168.54,2024-09-25 14:06:36
215,130775596,sell,9O7K9HAL5,9306,68.53,2024-09-25 14:06:36
216,221320034,sell,BGRMIL4O5,5912,190.90,2024-09-25 14:06:36
217,622836899,sell,XKX89NEV5,5175,314.72,2024-09-25 14:06:36
218,536241554,buy,SS0UM5BD8,8507,277.63,2024-09-25 14:06:36
219,191923901,sell,AJIE7T8F8,5550,125.61,2024-09-25 14:06:36
220,842427984,buy,4QTZJGC03,5597,13.47,2024-09-25 14:06:36
221,251136693,buy,960WBN3L7,8337,460.47,2024-09-25 14:06:36
222,563748900,buy,VCWUBMXB9,7296,359.93,2024-09-25 14:06:36
223,121286056,sell,V0RNZQAB7,7152,425.14,2024-09-25 14:06:36
224,587200751,sell,7IVW2TFZ2,3652,249.19,2024-09-25 14:06:36
225,303244220,sell,68TS1LUM7,3498,417.01,2024-09-25 14:06:36
226,620629636,buy,I2EYERVV2,9330,148.78,2024-09-25 14:06:36
227,852600394,sell,2RGOQYMA2,2895,200.22,2024-09-25 14:06:36
228,862760681,sell,O9WIYM253,7235,159.93,2024-09-25 14:06:36
229,768212957,buy,MRE849F48,7295,288.87,2024-09-25 14:06:36
230,986085875,sell,B6ZWGJ4W5,3645,235.74,2024-09-25 14:06:36
231,226258560,sell,KVR1M91K1,1112,128.00,2024-09-25 14:06:36
232,572147555,sell,HVI33QZI2,3319,349.00,2024-09-25 14:06:36
233,708994189,buy,BYOKYBGJ5,5998,485.86,2024-09-25 14:06:36
234,719119906,buy,BZYRHL4M9,414,143.40,2024-09-25 14:06:36
235,400051200,buy,8YH4PII64,4917,400.46,2024-09-25 14:06:36
236,266542247,buy,U8E7R3ZU1,884,443.34,2024-09-25 14:06:36
237,478080539,buy,7ZWP99HP5,2380,489.86,2024-09-25 14:06:36
238,406016095,sell,VHCP62MP2,5149,23.80,2024-09-25 14:06:36
239,242570260,sell,BB7RO48V8,3779,495.46,2024-09-25 14:06:36
240,690683811,buy,QCUHYJNX1,4780,113.35,2024-09-25 14:06:36
241,758936481,buy,AOERAVGH0,6045,197.78,2024-09-25 14:06:36
242,461145016,sell,AWRMC19D0,2792,360.25,2024-09-25 14:06:36
243,142876249,sell,2WMKM5SI6,7420,76.23,2024-09-25 14:06:36
244,383733845,sell,Z9A3Y0Q43,7832,143.88,2024-09-25 14:06:36
245,282032309,buy,SN16WBS80,968,318.96,2024-09-25 14:06:36
246,654570020,sell,GIVRH4BZ6,6751,319.75,2024-09-25 14:06:36
247,219229888,buy,F3SYOGVI0,5271,305.42,2024-09-25 14:06:36
248,500310042,sell,Z0HP30QI9,6448,82.33,2024-09-25 14:06:36
249,651957621,buy,8P1JVCE42,2840,91.04,2024-09-25 14:06:36
250,292446048,buy,BNTYCXPQ4,7482,212.82,2024-09-25 14:06:36
251,842260299,buy,26TOMOSZ9,4220,395.15,2024-09-25 14:06:36
252,413627160,sell,UDJD1NAQ2,2689,91.24,2024-09-25 14:06:36
253,602917978,buy,KUZBXU8J9,3088,455.79,2024-09-25 14:06:36
254,210641485,buy,1JL3N8KI6,6947,347.87,2024-09-25 14:06:36
255,327096156,buy,8BXWEV1Q1,88,394.32,2024-09-25 14:06:36
256,474885724,buy,KBE7DKRX5,8669,302.55,2024-09-25 14:06:36
257,754796462,buy,T9IVTYZS9,8595,396.16,2024-09-25 14:06:36
258,279340165,sell,92W6E5W32,8831,386.93,2024-09-25 14:06:36
259,230698157,buy,0XKB3MF13,4463,435.67,2024-09-25 14:06:36
260,674534117,sell,2A2TUY749,5647,36.59,2024-09-25 14:06:36
261,889308765,buy,SM6ZH1TR9,6247,274.00,2024-09-25 14:06:36
262,579032664,sell,QC4BCKKP4,7400,262.48,2024-09-25 14:06:36
263,474560732,sell,9C0MZW2C1,2737,96.54,2024-09-25 14:06:36
264,960057961,sell,L0REZEU98,2746,10.99,2024-09-25 14:06:36
265,933253820,buy,X2T2ZSKX2,6265,70.14,2024-09-25 14:06:36
266,785970379,buy,UJNQTJWF4,224,388.59,2024-09-25 14:06:36
267,364416046,buy,8KLTXR5Q5,2703,423.79,2024-09-25 14:06:36
268,229448639,sell,KWBZLBTK7,5307,470.04,2024-09-25 14:06:36
269,602231906,sell,2QU0RVCZ1,1366,405.01,2024-09-25 14:06:36
270,206999249,buy,ZXZ4KJGB0,9476,257.99,2024-09-25 14:06:36
271,164502665,buy,Q9WN99E47,5381,16.31,2024-09-25 14:06:36
272,241363569,sell,RCYUR0G22,11,48.65,2024-09-25 14:06:36
273,729512327,buy,IDPYPA3N0,5760,304.84,2024-09-25 14:06:36
274,877627562,sell,MO3T1ILK1,5663,79.93,2024-09-25 14:06:36
275,180485089,sell,Q70UCQIS1,3876,383.51,2024-09-25 14:06:36
276,623791694,buy,H7TF14P49,6019,113.42,2024-09-25 14:06:36
277,195792379,buy,1GA3UWVC4,497,203.12,2024-09-25 14:06:36
278,389850694,sell,FUTTKI6F4,3875,31.38,2024-09-25 14:06:36
279,514111320,buy,ZBZ7YWSK4,7094,121.76,2024-09-25 14:06:36
280,397928526,buy,9WMSR32N9,8064,176.96,2024-09-25 14:06:36
281,330440889,sell,UMGWS7UZ7,4686,389.23,2024-09-25 14:06:36
282,580880440,buy,8Y2M48EB8,5930,115.66,2024-09-25 14:06:36
283,646663267,buy,TBNXONI60,5644,122.37,2024-09-25 14:06:36
284,366619975,sell,MW4MBLW50,2760,482.12,2024-09-25 14:06:36
285,227826226,buy,KMPPXADB2,4087,45.11,2024-09-25 14:06:36
286,452574106,sell,X75A7KJ27,8672,385.05,2024-09-25 14:06:36
287,672935683,sell,B7WJ0J7V1,2972,16.89,2024-09-25 14:06:36
288,684777647,buy,6389XMQB5,1536,75.71,2024-09-25 14:06:36
289,269600123,sell,5EU9R7447,2992,444.89,2024-09-25 14:06:36
290,297670313,buy,8GEEX0162,7860,59.14,2024-09-25 14:06:36
291,281083407,buy,VKH7ED0H9,8826,438.33,2024-09-25 14:06:36
292,595693725,buy,5DFIMYQQ9,1953,427.80,2024-09-25 14:06:36
293,268514858,buy,O07I64H30,7701,423.03,2024-09-25 14:06:36
294,713723997,buy,YDL9Q6SL6,1189,452.03,2024-09-25 14:06:36
295,748718255,sell,GA76YMB38,3778,141.82,2024-09-25 14:06:36
296,399894850,buy,29K8FJB84,2816,300.76,2024-09-25 14:06:36
297,476207211,sell,G2NN2X3I8,7267,433.73,2024-09-25 14:06:36
298,171598378,buy,YYLN0QM88,2949,320.17,2024-09-25 14:06:36
299,631196352,sell,5I31UIEF1,884,111.77,2024-09-25 14:06:36
300,204460735,buy,BFDXQRLR0,4279,440.12,2024-09-25 14:06:36
301,950643786,sell,BWRI3OMS0,5869,266.35,2024-09-25 14:06:36
302,197141341,buy,SP0O72Z95,8049,78.67,2024-09-25 14:06:36
303,998229868,sell,LI1VJAOK7,2304,181.93,2024-09-25 14:06:36
304,388387111,sell,EXMDXA3E0,6935,368.87,2024-09-25 14:06:36
305,358099875,buy,W5EL91E31,6489,338.61,2024-09-25 14:06:36
306,300628255,buy,4G5TXKWE8,501,82.15,2024-09-25 14:06:36
307,290750481,sell,38S9704W0,668,328.61,2024-09-25 14:06:36
308,204015943,buy,EUB3BDVC1,5974,128.33,2024-09-25 14:06:36
309,778653891,sell,HXCWRRF94,1295,113.46,2024-09-25 14:06:36
310,123932868,buy,98GEVMN59,2827,469.99,2024-09-25 14:06:36
311,761945185,buy,U9U8JRPF9,1995,128.96,2024-09-25 14:06:36
312,756864107,buy,760RDC0Y7,7311,384.53,2024-09-25 14:06:36
313,561707423,buy,BO73J1V07,6898,363.56,2024-09-25 14:06:36
314,609698412,sell,WO3OL2MM9,3436,260.61,2024-09-25 14:06:36
315,486934883,buy,N9R26PSU6,5196,357.47,2024-09-25 14:06:36
316,564800281,buy,TDQGTGG96,4935,340.77,2024-09-25 14:06:36
317,450902511,sell,1W7GSMXH6,8346,48.02,2024-09-25 14:06:36
318,882646938,buy,I8YN9ZYW4,5372,399.98,2024-09-25 14:06:36
319,844643512,buy,CTBV5TGO7,8964,320.69,2024-09-25 14:06:36
320,186552947,sell,4EE1QXTS7,9372,466.99,2024-09-25 14:06:36
321,322363206,sell,916M0F259,8063,150.12,2024-09-25 14:06:36
322,950310508,buy,EX6GF6LS9,2759,89.36,2024-09-25 14:06:36
323,931033185,buy,CPTZCGVM4,8920,86.55,2024-09-25 14:06:36
324,160177889,buy,Z2BIXNZN3,1381,416.13,2024-09-25 14:06:36
325,213903949,sell,ZOR99C7N0,3334,69.59,2024-09-25 14:06:36
326,536631219,sell,LND3HPHJ5,7504,328.47,2024-09-25 14:06:36
327,386108123,sell,M3WRGALO2,219,118.66,2024-09-25 14:06:36
328,400213435,sell,AJB0W1E20,4248,471.25,2024-09-25 14:06:36
329,268357719,buy,BFIUPGP50,1388,268.05,2024-09-25 14:06:36
330,795598883,sell,D014BRUI4,5760,344.66,2024-09-25 14:06:36
331,366307872,sell,TJ8ZISIY0,6571,197.66,2024-09-25 14:06:36
332,641611810,sell,49JPIRSV6,5499,363.03,2024-09-25 14:06:36
333,108279787,sell,ESMTU9Y32,5121,154.97,2024-09-25 14:06:36
334,442987590,sell,UVGO7WDA7,9578,304.65,2024-09-25 14:06:36
335,857484961,buy,RIA9IN5Z1,7053,412.36,2024-09-25 14:06:36
336,879108217,sell,0QJN9M2S3,6259,106.86,2024-09-25 14:06:36
337,904736162,sell,I5PW73QK8,5116,154.77,2024-09-25 14:06:36
338,869466070,buy,90G7V5PG2,7952,196.76,2024-09-25 14:06:36
339,758309509,sell,ZWCT60919,2748,92.20,2024-09-25 14:06:36
340,572726838,buy,9QU6E6SS9,9426,293.63,2024-09-25 14:06:36
341,224831153,buy,C1ONNFQH6,6636,493.23,2024-09-25 14:06:36
342,723791021,buy,YFTWCIJR8,6895,293.47,2024-09-25 14:06:36
343,828936357,sell,N717J23W7,7843,392.60,2024-09-25 14:06:36
344,650088840,buy,1RAA3SA85,5577,242.07,2024-09-25 14:06:36
345,324656816,buy,NHUYY3UQ8,7430,213.57,2024-09-25 14:06:36
346,938600043,buy,60LMFYWB4,2805,38.64,2024-09-25 14:06:36
347,873497235,sell,0J7SDGWQ0,4807,90.22,2024-09-25 14:06:36
348,748400734,buy,V42FV0DC9,8324,373.48,2024-09-25 14:06:36
349,916463467,buy,7SMKI04E1,7040,60.52,2024-09-25 14:06:36
350,244833749,buy,9V16PIBV3,8285,368.17,2024-09-25 14:06:36
351,923943669,buy,74RXKD103,3856,230.94,2024-09-25 14:06:36
352,917157861,sell,C7F8BRPZ4,1994,242.08,2024-09-25 14:06:36
353,914528138,buy,P2J0HCYP3,5005,59.40,2024-09-25 14:06:36
354,812213238,buy,9Q80CI1E3,4057,444.18,2024-09-25 14:06:36
355,297101023,buy,BEZZNLIO1,4472,73.16,2024-09-25 14:06:36
356,532185475,sell,LN4FB6CP7,8342,346.19,2024-09-25 14:06:36
357,752006467,sell,F5QCC6599,6054,236.56,2024-09-25 14:06:36
358,418822404,buy,ZS8MJDIE8,1756,30.83,2024-09-25 14:06:36
359,240002614,buy,0T2BQJE98,5524,294.23,2024-09-25 14:06:36
360,791611436,buy,QETKW1WO3,8275,21.52,2024-09-25 14:06:36
361,421143618,sell,0AMPJQNW7,6537,420.90,2024-09-25 14:06:36
362,856905606,buy,GRO0MPRA8,314,99.24,2024-09-25 14:06:36
363,254554119,sell,65OSDK487,7294,142.40,2024-09-25 14:06:36
364,714351044,sell,ORNLT1VD9,1842,50.01,2024-09-25 14:06:36
365,175703439,sell,W34TDPZD7,5429,94.26,2024-09-25 14:06:36
366,245341150,sell,L2SY16AC8,3279,210.26,2024-09-25 14:06:36
367,570186078,sell,3ALM720K9,8676,404.99,2024-09-25 14:06:36
368,740162088,sell,XGUESA715,198,186.92,2024-09-25 14:06:36
369,891100894,buy,6D55ACC59,2547,454.05,2024-09-25 14:06:36
370,488093997,sell,HAOOY3900,191,127.53,2024-09-25 14:06:36
371,742940588,buy,0QYJLTY77,9894,463.76,2024-09-25 14:06:36
372,104948539,buy,F2EE072F5,6408,177.32,2024-09-25 14:06:36
373,239583078,sell,IHRI81VG7,9586,225.43,2024-09-25 14:06:36
374,874816764,sell,OWAXKFYU3,6375,206.58,2024-09-25 14:06:36
375,728857381,buy,7Y1SPKA96,2977,462.87,2024-09-25 14:06:36
376,601188521,sell,L9RGPESO5,2195,161.64,2024-09-25 14:06:36
377,519989066,buy,TC4GH6GQ9,1396,334.66,2024-09-25 14:06:36
378,968502212,sell,KKZZ25WV3,6878,185.55,2024-09-25 14:06:36
379,541809828,buy,FYG3BZ685,4098,271.84,2024-09-25 14:06:36
380,501354575,sell,Y4JUNL8I1,5599,175.73,2024-09-25 14:06:36
381,909124151,buy,T2ZVTKRP0,1833,197.68,2024-09-25 14:06:36
382,379750907,sell,FI0VIWZI1,4086,454.54,2024-09-25 14:06:36
383,347166041,sell,IXHIANXS4,5084,113.06,2024-09-25 14:06:36
384,745278454,buy,KF57ZY102,4563,145.81,2024-09-25 14:06:36
385,981193952,sell,CU9CJ3CB3,4580,183.17,2024-09-25 14:06:36
386,357256542,buy,W3RNP1XE5,5776,439.95,2024-09-25 14:06:36
387,155892210,sell,K3BCQLY45,6523,279.53,2024-09-25 14:06:36
388,846580855,sell,3LNK8PLB2,4180,352.41,2024-09-25 14:06:36
389,231766423,sell,CFHB9YRS9,5764,322.18,2024-09-25 14:06:36
390,447542095,buy,IBZO6EYX2,8492,281.64,2024-09-25 14:06:36
391,942276697,buy,IGR5QML98,8322,469.79,2024-09-25 14:06:36
392,823925494,buy,UM6KP5134,8935,377.55,2024-09-25 14:06:36
393,762171996,sell,0X1T3E8B9,9995,244.23,2024-09-25 14:06:36
394,782453174,sell,ABV6NR202,7031,339.44,2024-09-25 14:06:36
395,724150061,buy,WMMQKZG00,9809,205.20,2024-09-25 14:06:36
396,963716729,buy,TW50FGRB0,2501,311.51,2024-09-25 14:06:36
397,958683098,buy,MIT14QLW0,8262,53.80,2024-09-25 14:06:36
398,133339457,sell,Q8ANOZAH3,8728,223.33,2024-09-25 14:06:36
399,238063344,buy,W9WV2O5E4,9562,330.26,2024-09-25 14:06:36
400,990940299,sell,7MR2WER16,7057,226.58,2024-09-25 14:06:36
401,649983622,buy,WTAR3IK81,4634,251.20,2024-09-25 14:06:36
402,281258488,buy,15N9ML2Y8,4279,77.92,2024-09-25 14:06:36
403,772356363,sell,A7RG451Q7,7936,150.90,2024-09-25 14:06:36
404,835088059,sell,6MFRIA3R8,497,95.38,2024-09-25 14:06:36
405,595994006,sell,VP85QDHF5,5054,352.55,2024-09-25 14:06:36
406,574844203,buy,24O7XKQT8,2530,290.46,2024-09-25 14:06:36
407,294201320,sell,H79MEGIA9,91,89.54,2024-09-25 14:06:36
408,405725750,sell,JGD22GO79,3415,417.03,2024-09-25 14:06:36
409,512953249,sell,X34AUNWW4,3647,130.91,2024-09-25 14:06:36
410,871498325,sell,I6WZKI8I8,2116,42.13,2024-09-25 14:06:36
411,414526016,sell,08AQ8OKY9,4899,460.82,2024-09-25 14:06:36
412,684112477,buy,Q9W9WESD6,734,188.45,2024-09-25 14:06:36
413,569617948,buy,VN7JQQXD9,1678,46.36,2024-09-25 14:06:36
414,776142055,sell,XI9I1XI05,5449,228.31,2024-09-25 14:06:36
415,178064998,buy,YEM69XDX9,2823,264.67,2024-09-25 14:06:36
416,725668492,buy,ZEEOQMD62,7560,239.21,2024-09-25 14:06:36
417,749942697,buy,IW5KJ2DB0,7735,393.56,2024-09-25 14:06:36
418,695728616,buy,QYRR54DA1,3381,279.36,2024-09-25 14:06:36
419,864492406,sell,S8N68D1R9,7767,369.52,2024-09-25 14:06:36
420,610473182,buy,BKV2H2MS9,1698,87.49,2024-09-25 14:06:36
421,328224757,buy,BG3G0ZR33,7736,438.18,2024-09-25 14:06:36
422,676605676,buy,KMRPRUT67,720,386.16,2024-09-25 14:06:36
423,680798138,buy,SGMLBHTD7,9255,365.21,2024-09-25 14:06:36
424,768555251,buy,JMOY2VGE5,3157,420.49,2024-09-25 14:06:36
425,970722756,buy,E4QY2POV4,1581,211.05,2024-09-25 14:06:36
426,190946351,sell,T4AQY1X16,9432,493.52,2024-09-25 14:06:36
427,879917852,sell,9JHNMID21,6867,433.31,2024-09-25 14:06:36
428,983218442,sell,MM8O3OVR0,9193,405.50,2024-09-25 14:06:36
429,565253173,buy,2KVZ5S4N3,83,450.61,2024-09-25 14:06:36
430,918687035,buy,6A4KHO7O5,2790,200.65,2024-09-25 14:06:36
431,228819206,buy,9LR318176,8312,97.58,2024-09-25 14:06:36
432,204713869,buy,MUVCQ9I61,8447,264.10,2024-09-25 14:06:36
433,503125450,sell,2WRAJXXR0,6656,305.58,2024-09-25 14:06:36
434,324030072,buy,QB6GX4H70,66,113.61,2024-09-25 14:06:36
435,439470991,buy,2BZUE2O54,9091,481.68,2024-09-25 14:06:36
436,889165709,sell,P6RCOV688,1616,329.26,2024-09-25 14:06:36
437,908177984,buy,8FCFNBWJ8,5106,449.02,2024-09-25 14:06:36
438,355428998,sell,EQKDMJIL8,2162,293.13,2024-09-25 14:06:36
439,412003623,buy,H39VT7R53,915,467.31,2024-09-25 14:06:36
440,627924752,sell,VJDVEQQV5,7611,401.50,2024-09-25 14:06:36
441,332980696,sell,0N7LL9VJ0,2889,288.74,2024-09-25 14:06:36
442,622480791,buy,X9KBP7GT7,2235,200.01,2024-09-25 14:06:36
443,972353190,sell,A64DA5TC5,4609,169.63,2024-09-25 14:06:36
444,655043428,sell,OO3FETVV6,914,23.32,2024-09-25 14:06:36
445,495732210,sell,BNL8JDDK2,5263,307.61,2024-09-25 14:06:36
446,219695927,sell,KV0ORE1J7,8979,314.15,2024-09-25 14:06:36
447,651995805,sell,2GX6IFMW8,4095,170.43,2024-09-25 14:06:36
448,587739297,sell,SJEXS1802,7285,102.24,2024-09-25 14:06:36
449,287186910,buy,KOT7I7113,2281,437.26,2024-09-25 14:06:36
450,443845110,sell,K0S2CSFY0,5483,79.25,2024-09-25 14:06:36
451,871387402,buy,RU01I06B4,7551,414.84,2024-09-25 14:06:36
452,973157204,sell,F27G3KRH5,3631,441.99,2024-09-25 14:06:36
453,888502448,buy,92E336V30,5571,398.86,2024-09-25 14:06:36
454,394396239,buy,B9KQYG4W4,4860,19.44,2024-09-25 14:06:36
455,468813350,sell,JMWGSCEJ0,5423,243.01,2024-09-25 14:06:36
456,834725761,buy,5716Y8WC1,9000,307.47,2024-09-25 14:06:36
457,387439059,buy,K7URE9MA1,2326,51.64,2024-09-25 14:06:36
458,155693748,sell,2T7ZP6ZM5,26,481.33,2024-09-25 14:06:36
459,507475878,buy,WL1ZEW7P4,3771,454.72,2024-09-25 14:06:36
460,708627108,sell,6FUMU1V19,1484,243.93,2024-09-25 14:06:36
461,204962533,sell,B24EPAIF9,5662,106.95,2024-09-25 14:06:36
462,349997446,sell,GZCVIQXU7,5127,184.13,2024-09-25 14:06:36
463,324025696,buy,QC9FQVSZ1,9906,77.03,2024-09-25 14:06:36
464,582116478,buy,87LWIIS97,5171,307.94,2024-09-25 14:06:36
465,713966859,buy,8CDZDHPX5,2429,258.39,2024-09-25 14:06:36
466,484486099,sell,9AISOMTW4,2258,242.66,2024-09-25 14:06:36
467,652121577,buy,ZGD9E3GC0,6888,319.65,2024-09-25 14:06:36
468,685233453,buy,YURZHZYM1,2799,260.89,2024-09-25 14:06:36
469,284541598,buy,ZXJ34GG08,4783,367.99,2024-09-25 14:06:36
470,283187161,buy,64SRGM6J5,6424,201.53,2024-09-25 14:06:36
471,329790858,sell,4ORF2JD96,6641,207.79,2024-09-25 14:06:36
472,902371532,sell,46C1GBYE0,975,130.69,2024-09-25 14:06:36
473,890327093,buy,6H4A37HZ8,3528,154.78,2024-09-25 14:06:36
474,624293465,buy,I0F1GFW99,3219,189.84,2024-09-25 14:06:36
475,389322196,sell,WVR41O1K2,2907,230.47,2024-09-25 14:06:36
476,677901348,buy,RPSC1KO25,3588,394.98,2024-09-25 14:06:36
477,662371923,buy,YMA855N06,3349,317.66,2024-09-25 14:06:36
478,293338731,buy,OSRI2SPJ4,8859,388.46,2024-09-25 14:06:36
479,935536831,sell,SRYCMAN72,6390,415.82,2024-09-25 14:06:36
480,966933168,sell,56NVLU6L8,2804,355.04,2024-09-25 14:06:36
481,512589950,buy,6LYA3UW39,9373,319.67,2024-09-25 14:06:36
482,151112542,sell,VNX4GK662,5681,85.93,2024-09-25 14:06:36
483,859354488,sell,FVX662NE2,7997,311.55,2024-09-25 14:06:36
484,555602305,sell,Q5WOMQ4D1,3241,457.81,2024-09-25 14:06:36
485,564185119,sell,PLOKEOHH5,5697,482.09,2024-09-25 14:06:36
486,985205290,buy,4GLB8YU82,5529,430.06,2024-09-25 14:06:36
487,981373821,sell,ZX5VMSX97,3972,88.22,2024-09-25 14:06:36
488,229051756,sell,G6NLR8AI3,722,381.50,2024-09-25 14:06:36
489,359637933,sell,PFZX8MQZ9,429,195.13,2024-09-25 14:06:36
490,946337421,sell,8P2QK9O50,7675,475.11,2024-09-25 14:06:36
491,218013195,sell,RDEY2ATX7,3164,203.45,2024-09-25 14:06:36
492,232660459,buy,NVATKKRO6,3875,372.59,2024-09-25 14:06:36
493,110408488,buy,XAWKGO772,8113,83.89,2024-09-25 14:06:36
494,137283049,buy,Q6SWMLW38,625,425.00,2024-09-25 14:06:36
495,408463749,sell,KORO6K5N0,9139,76.91,2024-09-25 14:06:36
496,332201483,sell,TZDFQQ463,9451,58.60,2024-09-25 14:06:36
497,306884405,sell,2WW6AXI16,6309,477.96,2024-09-25 14:06:36
498,821953911,buy,W08P1NTB6,6440,457.80,2024-09-25 14:06:36
499,507419075,sell,WSJCK5YD0,1318,186.05,2024-09-25 14:06:36
500,834430596,buy,6L6G6WB09,8963,337.61,2024-09-25 14:06:36
501,808056255,sell,V8KDF1CW8,1605,187.80,2024-09-25 14:06:36
502,800358916,sell,45O0C6DR0,3377,365.32,2024-09-25 14:06:36
503,731299296,buy,5UA2A8BV6,985,471.97,2024-09-25 14:06:36
504,624666811,sell,ZW4ETR9K5,2049,222.39,2024-09-25 14:06:36
505,471604418,sell,11CS22L87,4518,36.99,2024-09-25 14:06:36
506,265632414,buy,0D1PKQ4P8,8521,441.93,2024-09-25 14:06:36
507,729147680,buy,RYEJPWN74,7126,228.19,2024-09-25 14:06:36
508,661372309,buy,XSLY5JPH6,5500,176.15,2024-09-25 14:06:36
509,952482491,sell,7WI8R3CA7,9844,337.43,2024-09-25 14:06:36
510,385470082,buy,H99JNYU50,4093,340.75,2024-09-25 14:06:36
511,635569826,buy,HMMM0E8Z7,6161,492.19,2024-09-25 14:06:36
512,751062280,buy,KPIJU3BT9,4480,406.20,2024-09-25 14:06:36
513,234114353,buy,024ZLKRO7,9702,147.48,2024-09-25 14:06:36
514,460103614,sell,J43X67KF1,5449,213.10,2024-09-25 14:06:36
515,929590584,sell,7MO8MWEN3,8571,161.06,2024-09-25 14:06:36
516,271981596,buy,TSU0R5ZG2,4006,244.82,2024-09-25 14:06:36
517,118836473,sell,9FN7UMT71,4929,399.22,2024-09-25 14:06:36
518,519383366,sell,04S8QCUC2,3613,279.02,2024-09-25 14:06:36
519,762262698,buy,YC2C4A8E5,1912,120.42,2024-09-25 14:06:36
520,713154355,buy,1WJEOLE02,8645,496.79,2024-09-25 14:06:36
521,564098801,buy,S8BRC2039,1340,227.99,2024-09-25 14:06:36
522,485417106,buy,75SYTNAT3,3240,116.59,2024-09-25 14:06:36
523,684532769,buy,Z1FOVYDZ3,1899,61.79,2024-09-25 14:06:36
524,663372813,sell,2H8GSAVI3,6184,153.06,2024-09-25 14:06:36
525,344734522,sell,5H4M7M4B3,922,193.30,2024-09-25 14:06:36
526,448529576,buy,V8F3JAA20,235,440.30,2024-09-25 14:06:36
527,272083793,buy,K9KJSVME4,5906,237.20,2024-09-25 14:06:36
528,617868623,sell,KVECZDL67,6532,327.74,2024-09-25 14:06:36
529,544401358,sell,2269KUW30,5021,275.40,2024-09-25 14:06:36
530,970350667,buy,X3AI445Y7,2006,170.96,2024-09-25 14:06:36
531,910203693,sell,ETQJ4SKE6,6856,480.76,2024-09-25 14:06:36
532,301753485,sell,Q56NRNE68,5625,385.93,2024-09-25 14:06:36
533,866259674,buy,ZDUPGVHQ6,74,74.45,2024-09-25 14:06:36
534,347077126,buy,AFHABT8Y9,4053,410.60,2024-09-25 14:06:36
535,954304083,sell,EJ8GNY960,2493,499.51,2024-09-25 14:06:36
536,566138625,sell,N5SP00GX0,160,489.21,2024-09-25 14:06:36
537,133170289,sell,T92PFD3Z9,9392,333.85,2024-09-25 14:06:36
538,710791014,buy,LILBGGQT8,5250,330.38,2024-09-25 14:06:36
539,995815179,buy,1PQ7HR2Q5,3527,119.01,2024-09-25 14:06:36
540,543994189,sell,2B4R9PC61,3377,433.44,2024-09-25 14:06:36
541,838737754,sell,8A420MQ97,8031,417.02,2024-09-25 14:06:36
542,891430263,sell,2ZT3QIDQ6,795,473.14,2024-09-25 14:06:36
543,207299756,sell,WN29WS792,3692,351.46,2024-09-25 14:06:36
544,826729244,sell,E6415Q6V0,3617,401.71,2024-09-25 14:06:36
545,618035781,buy,TWNVU0OM9,3116,385.88,2024-09-25 14:06:36
546,325996927,sell,8XOBWLK80,1320,130.50,2024-09-25 14:06:36
547,587261134,buy,09JEXZNL7,6505,341.41,2024-09-25 14:06:36
548,986273361,buy,PPHM1E6M7,1686,396.72,2024-09-25 14:06:36
549,868119754,buy,FDYD2IL64,9636,63.10,2024-09-25 14:06:36
550,948172375,sell,5IMMMBAM7,8059,447.99,2024-09-25 14:06:36
551,564001985,sell,U8Q6Q3KN3,4415,131.90,2024-09-25 14:06:36
552,150941903,sell,MYR20P715,8940,29.97,2024-09-25 14:06:36
553,660346586,sell,AVKVMMR00,1064,115.96,2024-09-25 14:06:36
554,360343251,sell,KSN0E7VC2,4690,443.99,2024-09-25 14:06:36
555,707310972,sell,EY12LFP78,7690,192.81,2024-09-25 14:06:36
556,994994389,buy,3TAS6F9L8,7739,308.70,2024-09-25 14:06:36
557,772502726,sell,UKCMY1DV1,5257,273.86,2024-09-25 14:06:36
558,817301577,buy,UL6SIBM72,8047,420.40,2024-09-25 14:06:36
559,790701438,sell,LA9BK4V40,938,93.25,2024-09-25 14:06:36
560,946071120,buy,GVLMB1DY2,2167,273.15,2024-09-25 14:06:36
561,911617755,buy,QB1EXFG84,9894,199.00,2024-09-25 14:06:36
562,375553601,buy,3EQ815H02,3232,60.65,2024-09-25 14:06:36
563,575361173,buy,23XI6ZC76,8255,135.06,2024-09-25 14:06:36
564,348585909,buy,LUJY9MDW6,2866,400.47,2024-09-25 14:06:36
565,158285625,buy,YCQ2FA4I4,127,454.28,2024-09-25 14:06:36
566,231281311,sell,AXIAPJOI3,1671,390.07,2024-09-25 14:06:36
567,302370421,buy,UW65N8VR5,6785,375.75,2024-09-25 14:06:36
568,996026872,sell,EDKVI8JD3,6746,233.25,2024-09-25 14:06:36
569,443963476,sell,ZPWHAZ8Z2,8451,477.55,2024-09-25 14:06:36
570,338121045,sell,56CNV85A1,5805,433.44,2024-09-25 14:06:36
571,150294186,sell,K46ZGNCG2,8259,31.01,2024-09-25 14:06:36
572,948748376,sell,1MOH6A2Q1,8774,123.63,2024-09-25 14:06:36
573,258193071,buy,Y5XV7FI74,6534,297.44,2024-09-25 14:06:36
574,714710282,buy,VRYFA79P7,1519,430.14,2024-09-25 14:06:36
575,625862883,buy,4G1YW5A41,3125,452.60,2024-09-25 14:06:36
576,993327927,buy,K4E5MZYL0,9998,252.79,2024-09-25 14:06:36
577,391132346,sell,N95UZIJ81,2013,102.45,2024-09-25 14:06:36
578,863621921,buy,P4069LS49,6155,329.85,2024-09-25 14:06:36
579,446455663,sell,SD7N2DOH2,3806,47.88,2024-09-25 14:06:36
580,724729652,buy,K99NYUU79,4343,152.75,2024-09-25 14:06:36
581,582367345,buy,917F32KV2,7831,109.26,2024-09-25 14:06:36
582,644319279,sell,YB4JIUYY8,8348,111.10,2024-09-25 14:06:36
583,750467855,sell,51GT9TFJ4,2426,303.74,2024-09-25 14:06:36
584,894285194,buy,J75X3TMM0,8944,202.52,2024-09-25 14:06:36
585,377148280,buy,IRPY99HZ8,481,396.16,2024-09-25 14:06:36
586,405451680,sell,1CZTCS4K0,9296,235.41,2024-09-25 14:06:36
587,288830180,sell,9WPDPDZU7,2173,413.20,2024-09-25 14:06:36
588,295203031,buy,J9BOMKU63,7657,23.87,2024-09-25 14:06:36
589,416302492,buy,JCJ3X6AG3,763,46.39,2024-09-25 14:06:36
590,203924953,buy,7GKN62CV5,7873,437.34,2024-09-25 14:06:36
591,236039437,buy,9VWE84UM1,8367,184.11,2024-09-25 14:06:36
592,676452654,buy,AG9B5BDJ7,4609,80.77,2024-09-25 14:06:36
593,982251457,sell,91KA4ZF40,3249,239.70,2024-09-25 14:06:36
594,719555133,buy,H404SBEP2,8398,288.24,2024-09-25 14:06:36
595,262486085,buy,TQ7FKFT14,7460,55.19,2024-09-25 14:06:36
596,437194243,sell,OCJ777Z60,8300,40.88,2024-09-25 14:06:36
597,986063172,buy,S6SFLPAB1,4963,392.29,2024-09-25 14:06:36
598,746446145,buy,32BT3JWF6,9626,174.62,2024-09-25 14:06:36
599,686874312,buy,CHCC46QJ5,6417,94.13,2024-09-25 14:06:36
600,327101238,sell,8VL8FJQP4,3560,416.71,2024-09-25 14:06:36
601,352666541,sell,UWH2NYF67,5170,136.45,2024-09-25 14:06:36
602,941183866,sell,87RIG0234,7749,29.19,2024-09-25 14:06:36
603,636130821,sell,03L1N9U28,666,35.12,2024-09-25 14:06:36
604,795874674,buy,TR0IUSB70,3644,499.39,2024-09-25 14:06:36
605,511424994,buy,TR18TNJR2,6588,146.30,2024-09-25 14:06:36
606,888364649,sell,VPQWVKP57,3354,132.97,2024-09-25 14:06:36
607,137909115,sell,R72PF7A31,9709,27.38,2024-09-25 14:06:36
608,708279605,buy,CNN2TTVK6,4060,120.71,2024-09-25 14:06:36
609,482133068,sell,W94AU3NG1,1814,289.34,2024-09-25 14:06:36
610,167373769,buy,6CCXETPP3,248,485.30,2024-09-25 14:06:36
611,444837186,sell,ZQVZQMLR6,4583,142.92,2024-09-25 14:06:36
612,429461607,buy,REVFET139,1415,308.27,2024-09-25 14:06:36
613,859665494,sell,7TTTO4G70,5429,111.88,2024-09-25 14:06:36
614,145133028,sell,ZDQH522P3,9354,362.27,2024-09-25 14:06:36
615,186979835,buy,VA0P89A43,9577,392.50,2024-09-25 14:06:36
616,203219113,sell,5Q05XQEI0,6392,336.20,2024-09-25 14:06:36
617,628817789,buy,I0YA3TA54,7388,397.29,2024-09-25 14:06:36
618,381893993,buy,UOH9KD0D0,6688,353.26,2024-09-25 14:06:36
619,697544643,sell,RP7U4W033,5385,464.92,2024-09-25 14:06:36
620,493730473,buy,GC3AJWFZ9,8028,436.81,2024-09-25 14:06:36
621,874527746,buy,3Q4J9BLS8,9347,194.67,2024-09-25 14:06:36
622,889472787,sell,IBPVG5QA4,8594,76.34,2024-09-25 14:06:36
623,784670644,sell,UGTT0HC57,3396,372.72,2024-09-25 14:06:36
624,296094431,buy,Z8SL1UGS4,3050,32.36,2024-09-25 14:06:36
625,942896552,buy,JVM16B5T8,7502,379.58,2024-09-25 14:06:36
626,692009622,buy,UOJXFXT46,8175,15.76,2024-09-25 14:06:36
627,246170544,sell,ET91KH6E6,5166,371.08,2024-09-25 14:06:36
628,780774572,buy,Q1EWGFI55,115,421.00,2024-09-25 14:06:36
629,135199508,buy,SKONJ72E3,4027,332.75,2024-09-25 14:06:36
630,714115619,buy,PP9BPYY64,6367,73.99,2024-09-25 14:06:36
631,734227182,sell,J5R7PPEZ1,2826,33.78,2024-09-25 14:06:36
632,547491736,sell,LECKF7GG7,6986,195.53,2024-09-25 14:06:36
633,933843664,buy,VZM004OJ0,6331,13.90,2024-09-25 14:06:36
634,395902286,sell,9T07TY3Z8,8656,185.45,2024-09-25 14:06:36
635,611871002,buy,5WBJSLUF0,2817,226.68,2024-09-25 14:06:36
636,865805994,buy,L0E8483H4,1685,196.64,2024-09-25 14:06:36
637,933532217,sell,2QOJOR496,4993,487.95,2024-09-25 14:06:36
638,129834197,sell,TI5ZSAWM3,8821,247.12,2024-09-25 14:06:36
639,326500242,buy,93JL7F3O4,2166,399.57,2024-09-25 14:06:36
640,908754690,buy,KQ6W2WEQ1,3093,319.19,2024-09-25 14:06:36
641,252310847,sell,P8L8CUL87,5294,277.51,2024-09-25 14:06:36
642,752864365,sell,XNSSXNVU7,7841,335.69,2024-09-25 14:06:36
643,428498265,buy,LS4EMRTF5,7608,69.35,2024-09-25 14:06:36
644,493431180,buy,YOJ0H56L0,6578,40.74,2024-09-25 14:06:36
645,632846708,sell,KYKCTIK79,6318,257.89,2024-09-25 14:06:36
646,867050956,sell,57BVW52T9,5544,460.08,2024-09-25 14:06:36
647,850170958,sell,AUC6VZG90,4320,58.15,2024-09-25 14:06:36
648,448392489,buy,MQGNGDID0,8312,383.39,2024-09-25 14:06:36
649,354826454,sell,1YYOD1CW7,6216,247.86,2024-09-25 14:06:36
650,725773295,buy,KCML44PD5,9383,236.80,2024-09-25 14:06:36
651,205380854,sell,2HM1AU156,6705,231.53,2024-09-25 14:06:36
652,304158254,sell,6XJZWZAA0,7709,459.47,2024-09-25 14:06:36
653,353698074,sell,R7CYC8DQ8,1340,246.93,2024-09-25 14:06:36
654,326649361,buy,DLABRXC35,3706,63.65,2024-09-25 14:06:36
655,336768679,buy,BNHEIDRE4,9092,305.76,2024-09-25 14:06:36
656,160103992,sell,HK8AUESK1,5506,79.92,2024-09-25 14:06:36
657,800828479,buy,QSH2POQK8,4505,259.68,2024-09-25 14:06:36
658,614328452,sell,K1IGI99T2,551,478.25,2024-09-25 14:06:36
659,584302891,sell,6LRPD2GR0,6828,331.34,2024-09-25 14:06:36
660,670904383,buy,6I34XU6W6,1198,96.39,2024-09-25 14:06:36
661,349679165,buy,3OTHYF7E0,9071,477.26,2024-09-25 14:06:36
662,708476295,sell,OEOM68O43,4821,356.49,2024-09-25 14:06:36
663,435660320,buy,4RU7UPCP3,3943,42.76,2024-09-25 14:06:36
664,741617252,sell,G341QO0U5,8997,350.40,2024-09-25 14:06:36
665,345805625,sell,BG4MYRV01,3544,127.83,2024-09-25 14:06:36
666,178137278,buy,QKNO8DOA7,4770,422.67,2024-09-25 14:06:36
667,560566816,sell,M70F1OEC4,3792,76.63,2024-09-25 14:06:36
668,602190771,buy,2SFL587V8,8751,120.31,2024-09-25 14:06:36
669,803512302,sell,IWB31O596,2247,203.82,2024-09-25 14:06:36
670,982882531,sell,CNDSH7NB0,6292,270.78,2024-09-25 14:06:36
671,230441728,sell,5SK28VV81,7141,261.94,2024-09-25 14:06:36
672,753212766,buy,X5OJ05LH5,3542,385.07,2024-09-25 14:06:36
673,257225349,buy,W55V7P454,7720,250.47,2024-09-25 14:06:36
674,773932468,sell,N95Q4KLI4,1912,466.43,2024-09-25 14:06:36
675,194352859,buy,FCEB9QGR7,3382,270.73,2024-09-25 14:06:36
676,825332420,sell,GKIWK7771,2632,254.58,2024-09-25 14:06:36
677,196566868,buy,7EPCJU5O7,2162,40.23,2024-09-25 14:06:36
678,178254881,buy,CTIBGERT2,2230,133.33,2024-09-25 14:06:36
679,189920500,buy,IRDQATC12,4003,192.74,2024-09-25 14:06:36
680,622122909,buy,D0VKUFSE2,9067,175.82,2024-09-25 14:06:36
681,948293472,sell,RL459M8D7,2946,86.66,2024-09-25 14:06:36
682,837345827,buy,YF2Q5BTV3,1194,198.37,2024-09-25 14:06:36
683,793984605,sell,Y195RAWG0,4847,106.77,2024-09-25 14:06:36
684,693810710,sell,YU6OFYPX0,3013,351.81,2024-09-25 14:06:36
685,819223997,sell,JN3OKNMD1,5305,392.45,2024-09-25 14:06:36
686,421196372,buy,HPY3W4IG7,5083,253.96,2024-09-25 14:06:36
687,755950396,sell,ZT2YJJIJ2,4594,267.17,2024-09-25 14:06:36
688,509011044,sell,JOCNARA46,1010,133.92,2024-09-25 14:06:36
689,244061173,buy,K5APUHSM3,3853,464.46,2024-09-25 14:06:36
690,591710512,buy,UYIW2N9O1,672,441.40,2024-09-25 14:06:36
691,490937238,sell,GG6REI2F4,1791,317.98,2024-09-25 14:06:36
692,783682365,buy,YOOXTQIP1,4206,378.13,2024-09-25 14:06:36
693,602923334,sell,A2I59B341,5300,383.39,2024-09-25 14:06:36
694,400734810,buy,TXE6PYVY0,6107,340.45,2024-09-25 14:06:36
695,445388950,buy,C4EW9VPB6,2135,109.04,2024-09-25 14:06:36
696,664384740,sell,FUQFEQHX5,9334,213.51,2024-09-25 14:06:36
697,307470015,sell,NCO3FYE02,9812,357.04,2024-09-25 14:06:36
698,926510326,buy,ZCYVVYFX5,9288,346.55,2024-09-25 14:06:36
699,339509155,sell,M2OG106W4,3232,446.48,2024-09-25 14:06:36
700,947188264,sell,X9YUC0VZ8,2200,151.46,2024-09-25 14:06:36
701,733898143,sell,EATQ8DQS0,5317,324.24,2024-09-25 14:06:36
702,567554283,buy,IH2XFEQ48,1076,119.70,2024-09-25 14:06:36
703,516144603,buy,AOTM1ZC56,3784,129.32,2024-09-25 14:06:36
704,446006768,sell,TLXLMGKU4,3744,248.07,2024-09-25 14:06:36
705,636175085,sell,8RFV64BF0,9957,421.39,2024-09-25 14:06:36
706,430221928,sell,GDTYJOVR5,451,275.92,2024-09-25 14:06:36
707,298749088,sell,KYJA8BIB7,3135,440.57,2024-09-25 14:06:36
708,611009352,buy,XCIC9N1S2,3917,272.07,2024-09-25 14:06:36
709,309890001,sell,19RB7FZW9,5965,305.40,2024-09-25 14:06:36
710,806526092,sell,L7JCLA1V2,5766,393.59,2024-09-25 14:06:36
711,828945273,sell,NGHYYVIZ7,5187,322.84,2024-09-25 14:06:36
712,395926132,sell,1LA4QHIW0,555,395.14,2024-09-25 14:06:36
713,587148480,buy,AA7JUQUU0,5272,293.65,2024-09-25 14:06:36
714,672319564,sell,DK6CNONS7,8966,249.86,2024-09-25 14:06:36
715,673823255,sell,WQDHN6W95,4515,207.65,2024-09-25 14:06:36
716,563606388,buy,O1NYSC742,4286,493.95,2024-09-25 14:06:36
717,670870251,buy,D94IGMPT9,3596,453.18,2024-09-25 14:06:36
718,611655327,sell,IVZVAXM34,7550,113.70,2024-09-25 14:06:36
719,170927022,buy,DIXHYRQ75,9107,286.13,2024-09-25 14:06:36
720,811723268,buy,4HS6669I9,8320,447.54,2024-09-25 14:06:36
721,957071279,buy,BG27FMQE4,3720,102.77,2024-09-25 14:06:36
722,817839880,sell,NACB8M9X9,2991,419.09,2024-09-25 14:06:36
723,904728586,buy,OYSBHMC64,1250,166.64,2024-09-25 14:06:36
724,218185906,sell,UKBGA6I60,7732,51.04,2024-09-25 14:06:36
725,253627783,buy,S1YHXKHU0,1160,245.25,2024-09-25 14:06:36
726,120833981,sell,WLPGQJS40,6662,465.62,2024-09-25 14:06:36
727,186930267,sell,0JECGYDR4,8779,314.51,2024-09-25 14:06:36
728,245771071,sell,B0CWNBCV5,5240,394.27,2024-09-25 14:06:36
729,286532901,buy,Z3Y96Z130,6311,137.87,2024-09-25 14:06:36
730,315549687,buy,C1QVDH206,9078,35.94,2024-09-25 14:06:36
731,945770911,sell,FEUPXKOO8,7217,132.41,2024-09-25 14:06:36
732,570284474,buy,URVY06HR0,2116,154.23,2024-09-25 14:06:36
733,174868841,sell,MLJB62K61,2966,275.77,2024-09-25 14:06:36
734,622774458,buy,8T5F3PGM8,5336,179.68,2024-09-25 14:06:36
735,607898087,buy,WKIEATJI9,187,452.14,2024-09-25 14:06:36
736,434406012,sell,YW6O4SS83,8177,486.65,2024-09-25 14:06:36
737,699411340,buy,UP91D1LC6,3858,444.70,2024-09-25 14:06:36
738,788558590,sell,N3FN0KQE1,3212,198.13,2024-09-25 14:06:36
739,572788912,buy,XP2OPDE62,3441,318.28,2024-09-25 14:06:36
740,165143481,buy,2DCAC9HU9,6397,182.43,2024-09-25 14:06:36
741,589668428,sell,Y6I1BG8B0,1309,465.20,2024-09-25 14:06:36
742,602169066,buy,ZPWKJMMX4,786,12.36,2024-09-25 14:06:36
743,308472130,sell,41GCLSS23,4782,91.76,2024-09-25 14:06:36
744,188234440,buy,GIGK9GWK0,8142,191.08,2024-09-25 14:06:36
745,282670178,buy,UQGI16RT8,2229,449.33,2024-09-25 14:06:36
746,654116617,buy,CPX1W87F2,2055,282.87,2024-09-25 14:06:36
747,255804672,sell,56Y3NEXX6,883,373.99,2024-09-25 14:06:36
748,289841249,sell,SH379HAY4,3042,318.11,2024-09-25 14:06:36
749,746074009,sell,3XSK7X0F9,7441,288.93,2024-09-25 14:06:36
750,679812295,buy,1FR4MUJP4,8006,104.54,2024-09-25 14:06:36
751,477903540,buy,2SSA9J2C7,461,31.85,2024-09-25 14:06:36
752,812096524,buy,VGBS8J5A2,1707,344.29,2024-09-25 14:06:36
753,667975206,buy,POPD6H6W7,2195,330.37,2024-09-25 14:06:36
754,270043105,buy,NB94SXRO1,3468,68.98,2024-09-25 14:06:36
755,952722624,buy,WFFJ6WT40,6449,222.97,2024-09-25 14:06:36
756,798118228,sell,HP2V7QFQ0,1075,107.29,2024-09-25 14:06:36
757,627615217,buy,ULGM0PIU6,3541,195.65,2024-09-25 14:06:36
758,574988771,buy,A4J79QGX1,8581,74.63,2024-09-25 14:06:36
759,289123120,buy,K33IGE0B9,5363,17.16,2024-09-25 14:06:36
760,752149693,sell,YD1U43Y50,9532,188.58,2024-09-25 14:06:36
761,606461475,sell,R544JX5A9,4094,212.46,2024-09-25 14:06:36
762,977893562,buy,3VB9EUXG6,9534,458.22,2024-09-25 14:06:36
763,719698950,sell,6WWM8PSL2,7486,355.19,2024-09-25 14:06:36
764,903983300,sell,IYQVGLEI4,1089,102.35,2024-09-25 14:06:36
765,448436101,buy,ANNP7LMZ5,8825,473.39,2024-09-25 14:06:36
766,750315117,buy,I2NMP83P2,8068,282.33,2024-09-25 14:06:36
767,814273181,sell,5H8T41R10,681,211.11,2024-09-25 14:06:36
768,879822459,buy,50ZVPMIE5,939,164.75,2024-09-25 14:06:36
769,996762125,sell,BBK4V3Z55,9544,135.30,2024-09-25 14:06:36
770,790677125,sell,5Y94X7GB2,1940,262.63,2024-09-25 14:06:36
771,727416542,sell,PWKCNKCI4,267,62.42,2024-09-25 14:06:36
772,959167209,buy,F5FBRTWH9,4869,350.82,2024-09-25 14:06:36
773,726900128,sell,UMRQJX0N1,6721,41.79,2024-09-25 14:06:36
774,741152827,buy,EZANDP3H8,6261,245.01,2024-09-25 14:06:36
775,304628596,buy,4HS723NJ0,6394,172.36,2024-09-25 14:06:36
776,234407239,buy,YPLCZJFO2,5403,436.65,2024-09-25 14:06:36
777,538617882,buy,P5TC2U1Y2,1120,196.68,2024-09-25 14:06:36
778,776274588,sell,NBENVST34,2709,461.35,2024-09-25 14:06:36
779,744367652,sell,A6WSFFLO6,9247,473.24,2024-09-25 14:06:36
780,812317494,buy,CJF03K987,955,158.38,2024-09-25 14:06:36
781,888370959,sell,TGYBZEEZ3,7792,362.76,2024-09-25 14:06:36
782,726478869,buy,NFM5PPCM4,7520,127.30,2024-09-25 14:06:36
783,973113423,buy,AX3DNIZ95,9198,48.35,2024-09-25 14:06:36
784,426168019,sell,WNXJW6H93,7833,393.83,2024-09-25 14:06:36
785,864676917,buy,8Q3503Z72,1200,39.85,2024-09-25 14:06:36
786,275503397,sell,IGCCP3D42,9286,240.03,2024-09-25 14:06:36
787,836161204,buy,24Y9S0W82,4386,269.83,2024-09-25 14:06:36
788,813347526,buy,RP9P09QK1,9666,29.33,2024-09-25 14:06:36
789,830921299,sell,RXY55H2N7,8112,59.64,2024-09-25 14:06:36
790,192292626,buy,4ZL0FJYB8,3615,325.83,2024-09-25 14:06:36
791,773087527,sell,GHK2HRSG8,2006,53.74,2024-09-25 14:06:36
792,808016943,sell,SJWBLV1Q1,646,347.00,2024-09-25 14:06:36
793,364887384,buy,01MLUYLA6,9549,137.45,2024-09-25 14:06:36
794,868170855,sell,8JFG4YUF6,1086,131.13,2024-09-25 14:06:36
795,733924240,buy,HEUD3P342,6594,117.28,2024-09-25 14:06:36
796,561613616,buy,T9SJ5EOW8,5581,137.43,2024-09-25 14:06:36
797,229987509,sell,W3YKI3ZY1,2913,297.23,2024-09-25 14:06:36
798,128798117,buy,BYD4OODI1,8972,287.08,2024-09-25 14:06:36
799,858985723,sell,EFAEQ1ZT0,2695,330.17,2024-09-25 14:06:36
800,931250416,buy,G7ORZKGC8,8962,354.44,2024-09-25 14:06:36
801,933020302,buy,3ZTHCFWX9,9650,245.54,2024-09-25 14:06:36
802,743928557,sell,95XCJ5HD1,875,395.70,2024-09-25 14:06:36
803,961029750,sell,ML1LWQ274,9740,24.00,2024-09-25 14:06:36
804,445963382,buy,VZYK9T816,4039,321.97,2024-09-25 14:06:36
805,540588787,buy,H5LXV51Z3,2119,229.73,2024-09-25 14:06:36
806,937836744,buy,DXPIA2OY3,8130,347.80,2024-09-25 14:06:36
807,334133565,sell,H3PNH2CD6,8143,36.10,2024-09-25 14:06:36
808,913137630,sell,RJB7SXGC8,2323,422.43,2024-09-25 14:06:36
809,731363224,buy,EQCM9RAO6,2658,126.46,2024-09-25 14:06:36
810,545900725,sell,P6VFAT1V0,3391,20.43,2024-09-25 14:06:36
811,577394794,buy,TDKQ2MUA7,4787,10.92,2024-09-25 14:06:36
812,311396329,buy,MQEGRLPL1,9916,164.55,2024-09-25 14:06:36
813,668320200,sell,4GU1NX330,3346,112.43,2024-09-25 14:06:36
814,512901802,sell,MXMFLQOM3,5852,444.52,2024-09-25 14:06:36
815,794298503,sell,JI43VDQK7,7265,385.57,2024-09-25 14:06:36
816,743813755,sell,7FLEMB3S5,8877,292.98,2024-09-25 14:06:36
817,229063643,buy,0KA5OQPZ7,6195,32.85,2024-09-25 14:06:36
818,669831042,sell,A198Y02L6,6470,261.40,2024-09-25 14:06:36
819,562647488,buy,DXLLEFHI0,857,191.46,2024-09-25 14:06:36
820,311993706,buy,X4P0U4149,879,266.81,2024-09-25 14:06:36
821,996883344,sell,1X67OUNJ8,9382,438.84,2024-09-25 14:06:36
822,864688405,buy,C40GELN32,2159,474.32,2024-09-25 14:06:36
823,231371524,sell,6EYDEEKX0,2573,82.19,2024-09-25 14:06:36
824,897381917,sell,SMCYFK708,795,489.08,2024-09-25 14:06:36
825,366409326,buy,MLRCS3KK3,2449,388.75,2024-09-25 14:06:36
826,117395446,sell,QTX55YUM2,6681,292.73,2024-09-25 14:06:36
827,882447465,buy,V38YPAQS0,6534,362.98,2024-09-25 14:06:36
828,733671356,sell,15SC2Z3O8,3188,378.57,2024-09-25 14:06:36
829,966284793,sell,1M1IYEZS5,5641,408.77,2024-09-25 14:06:36
830,398764254,buy,0W0N9FP27,9026,170.00,2024-09-25 14:06:36
831,484342228,buy,XPY2TOGG3,424,425.48,2024-09-25 14:06:36
832,326657878,sell,ZXYPEW6S6,6108,380.59,2024-09-25 14:06:36
833,793880595,buy,UZJ5LBW98,5904,460.45,2024-09-25 14:06:36
834,532668832,sell,KQWW0SMZ4,9862,83.16,2024-09-25 14:06:36
835,737159543,sell,6QK7J0CA5,1752,13.81,2024-09-25 14:06:36
836,832822279,buy,ZRKNJ4DY5,186,433.64,2024-09-25 14:06:36
837,894167269,sell,NJGQN7JR1,4009,180.81,2024-09-25 14:06:36
838,601808542,sell,UZ88M1D62,3176,299.47,2024-09-25 14:06:36
839,499106386,sell,7KD997B34,9115,155.88,2024-09-25 14:06:36
840,262058707,sell,AOBS9FN07,2620,488.99,2024-09-25 14:06:36
841,945721877,sell,XOXLQNBB6,2534,246.32,2024-09-25 14:06:36
842,384205540,buy,02NHHISA5,4706,204.08,2024-09-25 14:06:36
843,355957669,buy,FFBD49NM5,9141,262.57,2024-09-25 14:06:36
844,545875982,buy,7DRAPQJ00,1316,150.19,2024-09-25 14:06:36
845,104018148,sell,RYSSA00L9,847,223.37,2024-09-25 14:06:36
846,317563717,buy,NULW9BFL1,7531,58.36,2024-09-25 14:06:36
847,253895234,sell,7LGJOGSZ1,3830,178.32,2024-09-25 14:06:36
848,153738433,buy,00IENZ231,3211,258.73,2024-09-25 14:06:36
849,262906872,buy,IIGXKB809,7115,130.81,2024-09-25 14:06:36
850,568375927,buy,A9X8F00L5,8529,274.00,2024-09-25 14:06:36
851,431888729,buy,GS468YUC4,2984,401.64,2024-09-25 14:06:36
852,631264868,buy,Y1D1ME159,8820,74.82,2024-09-25 14:06:36
853,909227904,sell,7KWXVVND7,6885,321.16,2024-09-25 14:06:36
854,386284846,sell,MRQMCE7D3,6832,497.60,2024-09-25 14:06:36
855,310962769,buy,XHBPAAT48,3101,196.56,2024-09-25 14:06:36
856,369293744,sell,AX5ZUNJ44,177,237.43,2024-09-25 14:06:36
857,849644605,sell,ZRK6THK24,2965,112.05,2024-09-25 14:06:36
858,969948076,sell,YZDQAG033,7410,288.12,2024-09-25 14:06:36
859,285650009,buy,D31USSBF7,9145,404.64,2024-09-25 14:06:36
860,551728881,buy,D7HYDK647,4674,57.40,2024-09-25 14:06:36
861,196472072,buy,89044OLR7,7212,51.48,2024-09-25 14:06:36
862,892006898,buy,4ESU57WE5,5389,489.44,2024-09-25 14:06:36
863,177939332,buy,VJ5RW37T0,3880,385.41,2024-09-25 14:06:36
864,985296101,sell,PEDHWPSN2,3048,66.71,2024-09-25 14:06:36
865,551430454,buy,X2CWVZNW1,7933,182.41,2024-09-25 14:06:36
866,341694552,sell,4UO224TP4,235,35.67,2024-09-25 14:06:36
867,341797471,sell,TMLFQV2N7,996,45.05,2024-09-25 14:06:36
868,749556285,buy,H5WE2P900,1752,15.41,2024-09-25 14:06:36
869,884080837,sell,1OSC96ZZ4,8952,487.32,2024-09-25 14:06:36
870,421952440,sell,EFTLN5RB6,5732,259.84,2024-09-25 14:06:36
871,459631660,buy,ETOKWYRE4,7035,496.30,2024-09-25 14:06:36
872,463658098,buy,AITOZZTR2,7718,299.97,2024-09-25 14:06:36
873,763919204,sell,A9KHW1KO0,5545,459.11,2024-09-25 14:06:36
874,224240770,buy,Z9SFJVKM2,4338,103.59,2024-09-25 14:06:36
875,122905019,sell,9DB8UOHP6,7485,112.96,2024-09-25 14:06:36
876,644398253,sell,VGZUSSLR4,6006,281.96,2024-09-25 14:06:36
877,398007062,buy,QJHQPN3U0,751,214.22,2024-09-25 14:06:36
878,445259005,sell,234YOTTE4,7254,17.12,2024-09-25 14:06:36
879,960531096,sell,536DHXI14,2727,196.72,2024-09-25 14:06:36
880,505577628,sell,NOZ4ST7R8,1762,266.47,2024-09-25 14:06:36
881,109875217,buy,6EV2NM5E8,8521,142.27,2024-09-25 14:06:36
882,584982835,buy,3UD8NTHA2,8525,377.57,2024-09-25 14:06:36
883,527339459,sell,EG63N4UK8,3077,453.69,2024-09-25 14:06:36
884,228437186,buy,K9RPQ6KC6,2790,307.86,2024-09-25 14:06:36
885,188435781,buy,983Q10LM2,7933,275.14,2024-09-25 14:06:36
886,650125147,sell,0L6ZHXWP1,2694,249.59,2024-09-25 14:06:36
887,954969088,sell,BWMDZERF6,1380,375.23,2024-09-25 14:06:36
888,622814345,sell,6O0VIAU26,6350,466.50,2024-09-25 14:06:36
889,520192294,sell,I9FY71K50,3745,205.29,2024-09-25 14:06:36
890,942113282,sell,C2OOWLI96,4621,499.37,2024-09-25 14:06:36
891,908644984,sell,4UFZ1H6L7,7603,214.90,2024-09-25 14:06:36
892,576858060,sell,196KB7FQ0,5203,240.24,2024-09-25 14:06:36
893,627092482,buy,SS8GFLSB0,7152,345.55,2024-09-25 14:06:36
894,742777401,buy,NHKJSMZ33,2810,436.72,2024-09-25 14:06:36
895,855984072,buy,435LLU158,5552,419.52,2024-09-25 14:06:36
896,673744834,buy,T6RYMAF27,4381,164.48,2024-09-25 14:06:36
897,860896278,buy,0O3M17X21,8523,440.96,2024-09-25 14:06:36
898,991077210,buy,BBEFTEZE7,8451,282.77,2024-09-25 14:06:36
899,854304661,sell,7BKG1ZT11,4154,199.65,2024-09-25 14:06:36
900,955832871,sell,2C31HWUG1,3105,310.16,2024-09-25 14:06:36
901,872423009,buy,23OSL7LX2,9362,143.06,2024-09-25 14:06:36
902,893017882,sell,W04S4A0U8,4132,268.00,2024-09-25 14:06:36
903,212351461,sell,GZZD9K0L1,3017,194.87,2024-09-25 14:06:36
904,460152343,buy,K9562YXB5,4015,430.89,2024-09-25 14:06:36
905,145824249,sell,NFJLQIYU6,3036,143.36,2024-09-25 14:06:36
906,474857175,buy,5HR2FMQG8,4642,487.24,2024-09-25 14:06:36
907,800876053,buy,HQCL66635,3179,494.79,2024-09-25 14:06:36
908,391095098,sell,728QW3RZ7,5780,39.00,2024-09-25 14:06:36
909,953952094,sell,9SM175Y41,6478,452.43,2024-09-25 14:06:36
910,281342026,buy,4R8APYJX4,4270,272.45,2024-09-25 14:06:36
911,762514996,buy,1G4OI1254,8936,104.27,2024-09-25 14:06:36
912,450595053,buy,XLVANXZT4,275,389.13,2024-09-25 14:06:36
913,716688759,sell,892MV3KH4,2301,342.86,2024-09-25 14:06:36
914,872929705,sell,GT5X6OBD5,7157,250.42,2024-09-25 14:06:36
915,808868168,buy,11NE95NS6,6661,81.92,2024-09-25 14:06:36
916,403450545,buy,R07CLZKO4,7187,49.83,2024-09-25 14:06:36
917,661591206,sell,6USX2CFA0,4469,453.32,2024-09-25 14:06:36
918,581619985,sell,LDOGZK8K4,4063,413.28,2024-09-25 14:06:36
919,990237525,buy,PAGSBXTE8,7974,254.68,2024-09-25 14:06:36
920,265864859,buy,U95CLAFX4,7005,310.10,2024-09-25 14:06:36
921,794824848,buy,WGTVPJEH1,6337,242.76,2024-09-25 14:06:36
922,450396945,buy,IYBYMNZM1,4492,150.26,2024-09-25 14:06:36
923,733177506,sell,5JN9VGTP5,3741,206.74,2024-09-25 14:06:36
924,927363790,buy,GP8O73KZ6,7720,249.73,2024-09-25 14:06:36
925,462111147,buy,HQJMEBZT7,936,386.00,2024-09-25 14:06:36
926,610793889,buy,TKPK85E34,3327,80.49,2024-09-25 14:06:36
927,488915313,buy,QYI6ZOKZ7,7616,467.91,2024-09-25 14:06:36
928,613894161,sell,6AW5YW5M6,484,201.22,2024-09-25 14:06:36
929,709586397,sell,7UFLU1A82,9122,245.61,2024-09-25 14:06:36
930,168864305,sell,34KK8B5A4,8303,429.44,2024-09-25 14:06:36
931,838478009,buy,EE026MOM3,89,18.50,2024-09-25 14:06:36
932,579897631,buy,MEQLEXUK8,2104,197.09,2024-09-25 14:06:36
933,432182888,buy,U1MFPLUY8,5603,205.46,2024-09-25 14:06:36
934,522581415,sell,MB1U26XP9,2006,69.43,2024-09-25 14:06:36
935,389449456,buy,3NSI65Z03,8692,164.13,2024-09-25 14:06:36
936,545413381,sell,RKF1W2WB1,2167,483.37,2024-09-25 14:06:36
937,360087404,sell,381I9T776,21,471.87,2024-09-25 14:06:36
938,519592014,buy,FWOMJ5CZ9,2190,464.60,2024-09-25 14:06:36
939,379686322,sell,CHYQ84UT4,8359,438.38,2024-09-25 14:06:36
940,849556845,sell,P63J6PPP3,2739,229.63,2024-09-25 14:06:36
941,260513114,buy,ZO9KPWW54,7030,270.70,2024-09-25 14:06:36
942,514766938,buy,3QZTG08L8,5369,321.41,2024-09-25 14:06:36
943,678891196,sell,946UVMU89,5841,226.20,2024-09-25 14:06:36
944,453493126,sell,4QUS0Q7L5,5740,287.36,2024-09-25 14:06:36
945,903440424,sell,3UGUOWED9,1918,32.44,2024-09-25 14:06:36
946,156107935,buy,1NZT4DGT6,5808,137.14,2024-09-25 14:06:36
947,648391664,buy,R67P0YNF4,9321,30.88,2024-09-25 14:06:36
948,489262926,sell,P1D7SOLA5,4666,220.77,2024-09-25 14:06:36
949,561681311,buy,NMUB0DMZ1,4350,129.57,2024-09-25 14:06:36
950,927776129,buy,4VQG0Y555,14,188.75,2024-09-25 14:06:36
951,377662848,buy,3XE3TUO43,6958,470.57,2024-09-25 14:06:36
952,443034108,sell,K5FHW8LB5,7303,217.16,2024-09-25 14:06:36
953,837861266,sell,4MWFOIXM1,8589,89.06,2024-09-25 14:06:36
954,177405469,buy,VBEY5U6K2,6880,322.77,2024-09-25 14:06:36
955,380865817,sell,2YSLH1BE6,6483,466.02,2024-09-25 14:06:36
956,931612075,sell,W0VYPBCY9,3160,175.84,2024-09-25 14:06:36
957,844852667,buy,2GQPXJSO1,9892,110.27,2024-09-25 14:06:36
958,922898406,sell,OHMGSFAX2,4697,359.19,2024-09-25 14:06:36
959,563526999,buy,8XTD6QKR7,7777,172.88,2024-09-25 14:06:36
960,596520974,buy,Y7U61SZJ1,4374,144.66,2024-09-25 14:06:36
961,299962937,buy,IRDYJJNT5,767,277.78,2024-09-25 14:06:36
962,698691956,buy,ZY55D9E38,8715,259.67,2024-09-25 14:06:36
963,215594240,buy,LIPXM7I27,1764,494.07,2024-09-25 14:06:36
964,647796553,sell,O3RHOA8B2,3086,246.87,2024-09-25 14:06:36
965,430878461,buy,73U4XM0L6,2725,399.75,2024-09-25 14:06:36
966,990649048,buy,YWXUAU9L9,1548,190.24,2024-09-25 14:06:36
967,961535609,sell,9FQ0LJX75,8362,225.04,2024-09-25 14:06:36
968,488278798,sell,MQXZVXEG0,9424,214.99,2024-09-25 14:06:36
969,537492813,sell,Y564DVVX0,8799,280.00,2024-09-25 14:06:36
970,277869159,sell,U01Z94E98,5307,286.32,2024-09-25 14:06:36
971,112117500,sell,4CFQBPRS0,1348,331.33,2024-09-25 14:06:36
972,786223479,sell,LQQNAJSK6,6982,221.01,2024-09-25 14:06:36
973,175276777,sell,KWXV1MCO0,3727,429.13,2024-09-25 14:06:36
974,644225998,buy,GFW1CEEQ8,6720,55.83,2024-09-25 14:06:36
975,990500494,sell,IZG7761U5,7323,159.16,2024-09-25 14:06:36
976,251934864,buy,TQJC5M8J4,8930,423.16,2024-09-25 14:06:36
977,679773308,buy,WYF45INP3,3348,471.25,2024-09-25 14:06:36
978,521255393,buy,ARM7IX9T8,8123,431.47,2024-09-25 14:06:36
979,762647787,buy,JPC5MIYR2,6288,120.62,2024-09-25 14:06:36
980,545088103,buy,ZW74HKC36,6004,16.24,2024-09-25 14:06:36
981,901909768,sell,872QHJRM2,2987,483.35,2024-09-25 14:06:36
982,218732879,buy,APUPO0N70,9381,214.82,2024-09-25 14:06:36
983,672263619,sell,NPNL4EFA7,2743,219.77,2024-09-25 14:06:36
984,109616916,buy,SRHQLPCK1,5073,299.68,2024-09-25 14:06:36
985,961080933,sell,W0DP7KUL6,3663,259.18,2024-09-25 14:06:36
986,656177985,buy,1C48HMJ55,8766,316.44,2024-09-25 14:06:36
987,105890096,buy,7DO9KAG66,9154,457.14,2024-09-25 14:06:36
988,234568261,buy,Z3RH96UG0,5018,39.15,2024-09-25 14:06:36
989,869314385,buy,SLKL6Q8Y1,5789,442.84,2024-09-25 14:06:36
990,118625302,sell,63K55N4Y2,1583,263.32,2024-09-25 14:06:36
991,342064445,buy,Y4L5JTKS5,2103,376.66,2024-09-25 14:06:36
992,552827622,sell,VNOJ154C7,3310,122.16,2024-09-25 14:06:36
993,792029600,buy,P66NMDAV3,7758,101.17,2024-09-25 14:06:36
994,939986111,sell,T30V4R432,4064,194.30,2024-09-25 14:06:36
995,825733787,buy,XK7F1B567,3395,91.86,2024-09-25 14:06:36
996,516775803,buy,DX1RCP3N3,3309,360.13,2024-09-25 14:06:36
997,307867648,buy,A9JOS6XX7,8767,246.11,2024-09-25 14:06:36
998,659266665,buy,1SSGUR8F0,2934,228.03,2024-09-25 14:06:36
999,823919999,buy,IGIUBP8K2,4062,425.77,2024-09-25 14:06:36
1000,391169473,buy,CGNPBLU01,3822,85.79,2024-09-25 14:06:36
