4001,138320581,buy,VSTB8G3E4,2550,249.72,2024-09-25 14:06:36
4002,410118090,sell,29LN89PD4,105,182.57,2024-09-25 14:06:36
4003,997270594,buy,CEAMG4C26,6868,153.36,2024-09-25 14:06:36
4004,765076560,sell,WT2FYGK86,672,320.13,2024-09-25 14:06:36
4005,531078882,sell,3LAA1X5F7,2624,491.62,2024-09-25 14:06:36
4006,507999808,sell,GGW9SP6R4,3026,243.63,2024-09-25 14:06:36
4007,728340212,buy,BKZNQ8MB3,2606,283.56,2024-09-25 14:06:36
4008,534827190,buy,WMUB5RTJ4,5933,37.86,2024-09-25 14:06:36
4009,661144321,buy,UHOEZZYA0,6511,404.40,2024-09-25 14:06:36
4010,929192863,sell,5A63XUDR6,1903,77.41,2024-09-25 14:06:36
4011,766261394,sell,8PI50AEI1,5945,495.07,2024-09-25 14:06:36
4012,470793999,sell,17HFSXMI8,2740,276.87,2024-09-25 14:06:36
4013,354385495,buy,X8WPRBCD3,6053,199.64,2024-09-25 14:06:36
4014,863082113,buy,AZ0K5UF50,8297,471.98,2024-09-25 14:06:36
4015,244797924,buy,02TRRFUX9,5673,34.85,2024-09-25 14:06:36
4016,454071978,buy,ZZWO0S1L0,7937,293.77,2024-09-25 14:06:36
4017,176777353,buy,UUD3DS7B5,5497,98.69,2024-09-25 14:06:36
4018,849805072,sell,IT3E7K4Q3,3668,340.37,2024-09-25 14:06:36
4019,363339371,sell,NC3J2N086,8489,127.02,2024-09-25 14:06:36
4020,691443115,sell,M6TVDCUH4,9688,140.73,2024-09-25 14:06:36
4021,556195925,buy,7KIK9CIK8,3624,139.91,2024-09-25 14:06:36
4022,776889859,buy,IQZE7KWN0,7883,410.23,2024-09-25 14:06:36
4023,426146700,sell,V37DO52H9,4857,264.92,2024-09-25 14:06:36
4024,952134470,sell,58OA2OIK3,7356,394.53,2024-09-25 14:06:36
4025,948608177,buy,ND8P4YJQ9,6252,77.72,2024-09-25 14:06:36
4026,527537553,buy,IPXUEGV91,4428,418.51,2024-09-25 14:06:36
4027,634145315,sell,9JDBFY2R1,9044,281.19,2024-09-25 14:06:36
4028,319173559,sell,6K3A5TZ90,2147,123.18,2024-09-25 14:06:36
4029,615253986,sell,P5V6PTOW9,2349,105.35,2024-09-25 14:06:36
4030,931637956,buy,NPM0W22Z8,3652,300.12,2024-09-25 14:06:36
4031,742707772,sell,RBIFU61A6,9470,227.44,2024-09-25 14:06:36
4032,679121657,buy,6V5PIXSP0,8756,133.65,2024-09-25 14:06:36
4033,757085310,buy,9Y5CLJJI3,6326,162.54,2024-09-25 14:06:36
4034,665452396,buy,3TLYZLRQ7,5548,314.60,2024-09-25 14:06:36
4035,903394140,buy,YTX32R5C6,4630,133.46,2024-09-25 14:06:36
4036,109945396,buy,29TDZGIF5,6713,336.54,2024-09-25 14:06:36
4037,795927679,sell,4O46U6D98,3689,140.36,2024-09-25 14:06:36
4038,446760009,sell,G9WGDVJ28,4327,147.13,2024-09-25 14:06:36
4039,839151090,sell,LZIS0LUJ0,189,261.51,2024-09-25 14:06:36
4040,139048086,buy,DNXCYFI39,3130,371.61,2024-09-25 14:06:36
4041,711780011,sell,ZCO02GVM1,3042,429.47,2024-09-25 14:06:36
4042,643257582,sell,1HUTKPTJ7,6535,440.21,2024-09-25 14:06:36
4043,618539090,buy,MDSUNVJK5,7160,35.17,2024-09-25 14:06:36
4044,357306289,buy,CYO0VH3W3,3854,52.64,2024-09-25 14:06:36
4045,954316655,buy,T1RINRG40,531,358.69,2024-09-25 14:06:36
4046,963633477,sell,VFO6CXR91,297,219.26,2024-09-25 14:06:36
4047,599483697,buy,FY1TGMYV6,8434,102.36,2024-09-25 14:06:36
4048,981150696,buy,N8DU3E0C9,2877,432.25,2024-09-25 14:06:36
4049,331359762,sell,U8Z966608,4883,270.75,2024-09-25 14:06:36
4050,215219114,sell,Q77XZOCR6,4851,181.33,2024-09-25 14:06:36
4051,431136398,buy,54UFYI3R3,3552,105.60,2024-09-25 14:06:36
4052,906439959,buy,9RRY6XEY2,6974,261.54,2024-09-25 14:06:36
4053,959519573,sell,RSQIA8U93,3661,305.10,2024-09-25 14:06:36
4054,195298194,sell,XKZ0P27W4,1529,424.08,2024-09-25 14:06:36
4055,706026373,sell,QPT7PKKL2,7039,81.69,2024-09-25 14:06:36
4056,337167095,sell,P522VZ1M6,8545,462.99,2024-09-25 14:06:36
4057,487202244,sell,PXN46GUH7,7173,28.67,2024-09-25 14:06:36
4058,970148559,buy,5RM5JOTU2,1439,486.87,2024-09-25 14:06:36
4059,837672846,buy,2Y29TP8P4,3042,293.13,2024-09-25 14:06:36
4060,319968002,sell,SFVQ8W230,7090,484.70,2024-09-25 14:06:36
4061,215653071,buy,9LBF15IC3,5867,165.43,2024-09-25 14:06:36
4062,230689324,sell,9K345BMH6,9360,100.25,2024-09-25 14:06:36
4063,580433634,buy,NF0FNXDI9,52,475.87,2024-09-25 14:06:36
4064,857425781,buy,RBZZ1ZLD3,3982,359.94,2024-09-25 14:06:36
4065,390992726,buy,F8HZZV9T4,5236,284.82,2024-09-25 14:06:36
4066,366865355,sell,MFY40A1P0,3387,339.75,2024-09-25 14:06:36
4067,361052596,buy,5SFAM5GF1,2708,164.47,2024-09-25 14:06:36
4068,619732312,sell,2H1ZKQ6V0,9850,46.51,2024-09-25 14:06:36
4069,916944294,buy,SCRM7IBY5,8310,417.72,2024-09-25 14:06:36
4070,826540458,buy,LUJ4P72P4,3338,104.40,2024-09-25 14:06:36
4071,353196142,sell,EMUKFJ5Y4,4212,408.45,2024-09-25 14:06:36
4072,961400993,sell,912DY8Y57,2311,393.44,2024-09-25 14:06:36
4073,766785125,sell,1NATRSWY6,4873,183.60,2024-09-25 14:06:36
4074,724071088,sell,68PK3ILO9,6165,193.37,2024-09-25 14:06:36
4075,683798632,sell,OGAFB7MK0,9600,248.44,2024-09-25 14:06:36
4076,744798041,sell,FUEBSE0L3,3827,200.91,2024-09-25 14:06:36
4077,427357312,buy,DR27F8DH6,3601,189.37,2024-09-25 14:06:36
4078,476099160,sell,D9INH4NG2,7860,90.96,2024-09-25 14:06:36
4079,964998646,sell,E4SLW7OR6,3634,459.54,2024-09-25 14:06:36
4080,700779612,sell,NAYK04H55,9428,74.49,2024-09-25 14:06:36
4081,719420302,sell,K7QRTZ1Z0,6338,374.04,2024-09-25 14:06:36
4082,203081185,sell,OVM9SQ6N0,8014,489.11,2024-09-25 14:06:36
4083,985432782,buy,N4NY0AJY2,4570,95.23,2024-09-25 14:06:36
4084,799621388,sell,3VF5RZDL6,1803,31.11,2024-09-25 14:06:36
4085,180295148,sell,K7RLT8DU0,5551,360.45,2024-09-25 14:06:36
4086,936526769,sell,K134EGTR5,6811,436.21,2024-09-25 14:06:36
4087,818156259,buy,QG2D6BWA0,4130,175.44,2024-09-25 14:06:36
4088,275005659,buy,D5N45YWK4,113,170.64,2024-09-25 14:06:36
4089,875468150,sell,RGZ3GAC91,1352,72.28,2024-09-25 14:06:36
4090,854114444,sell,IEGKCII25,5812,151.37,2024-09-25 14:06:36
4091,452717404,sell,2DKX8UQE4,6064,388.08,2024-09-25 14:06:36
4092,801524301,sell,3AYB9NV68,6909,251.31,2024-09-25 14:06:36
4093,365563735,sell,DTT05I941,5484,135.43,2024-09-25 14:06:36
4094,562437580,buy,633C6OP79,6047,323.65,2024-09-25 14:06:36
4095,200043079,sell,QEE98G328,7454,127.36,2024-09-25 14:06:36
4096,294517530,buy,IRGK7Z4X1,6287,425.70,2024-09-25 14:06:36
4097,663992018,sell,4UH3JVHM2,6078,61.52,2024-09-25 14:06:36
4098,743071666,sell,JNDE9F9P0,3892,472.17,2024-09-25 14:06:36
4099,939426753,buy,4C2CUUWX6,2497,481.19,2024-09-25 14:06:36
4100,459355109,buy,QD5TTCTL2,29,178.93,2024-09-25 14:06:36
4101,812292264,sell,CLGC3PG86,8854,221.44,2024-09-25 14:06:36
4102,712232924,sell,BFSUJFXR1,9852,462.12,2024-09-25 14:06:36
4103,600820478,sell,5UTFOPXM0,3440,148.74,2024-09-25 14:06:36
4104,143614112,sell,F4YHMV604,3455,279.05,2024-09-25 14:06:36
4105,552481448,buy,BNINRR5T3,8970,424.42,2024-09-25 14:06:36
4106,393471433,buy,96S75O3H6,8710,48.03,2024-09-25 14:06:36
4107,654904583,buy,WLOBZZVL4,1789,453.26,2024-09-25 14:06:36
4108,174196435,buy,QHC378LE9,7819,382.53,2024-09-25 14:06:36
4109,503682628,sell,ZEM5KVEN2,5011,97.45,2024-09-25 14:06:36
4110,512855505,sell,LD4Q48NB8,3344,386.87,2024-09-25 14:06:36
4111,452517373,buy,KNQDVBST1,6604,18.70,2024-09-25 14:06:36
4112,336085378,buy,NHJH3UTS0,595,422.79,2024-09-25 14:06:36
4113,789044236,sell,7PMPRHIC8,2180,10.95,2024-09-25 14:06:36
4114,945395230,buy,2VNY0Y510,2490,379.31,2024-09-25 14:06:36
4115,253643803,sell,Q5LMAXIR9,957,108.30,2024-09-25 14:06:36
4116,344040834,sell,5YX2LIWS3,9526,271.39,2024-09-25 14:06:36
4117,961358769,buy,W5SC6FIF7,732,325.35,2024-09-25 14:06:36
4118,247111180,buy,JIMA9CSO8,9346,228.13,2024-09-25 14:06:36
4119,938545330,sell,HBH3RMY59,7866,164.74,2024-09-25 14:06:36
4120,615659459,sell,BOGFTPS00,9410,352.30,2024-09-25 14:06:36
4121,133381903,sell,TPECTZ716,1251,30.28,2024-09-25 14:06:36
4122,790222978,buy,Q79KNTWN1,7055,446.69,2024-09-25 14:06:36
4123,948525630,buy,SAZS9VTL5,4700,415.26,2024-09-25 14:06:36
4124,822821446,sell,XSVX1LHZ5,9624,428.62,2024-09-25 14:06:36
4125,548628743,sell,S8MOU4FF7,5778,401.27,2024-09-25 14:06:36
4126,254483175,buy,G4FH35T15,242,317.51,2024-09-25 14:06:36
4127,995730816,sell,GFMSOLQO3,5517,209.74,2024-09-25 14:06:36
4128,571679557,sell,O31F1R426,2386,159.36,2024-09-25 14:06:36
4129,599337160,sell,9OR1OMKV4,3395,236.72,2024-09-25 14:06:36
4130,671817789,sell,U87AM9222,1950,467.05,2024-09-25 14:06:36
4131,972613101,sell,5K62Q6WQ8,7314,22.34,2024-09-25 14:06:36
4132,120440972,sell,TCVXSXU28,6000,240.05,2024-09-25 14:06:36
4133,552211577,buy,72Y4E2OQ2,2974,431.05,2024-09-25 14:06:36
4134,255210871,buy,A3BK4PCK1,3656,338.75,2024-09-25 14:06:36
4135,838039694,buy,RBVVKMID8,9029,41.46,2024-09-25 14:06:36
4136,511972097,buy,5FZHISM78,1987,214.87,2024-09-25 14:06:36
4137,268551219,buy,RM5HQDEK6,1081,425.09,2024-09-25 14:06:36
4138,930333469,buy,Q2RGAAV15,9314,298.99,2024-09-25 14:06:36
4139,170667483,sell,AMK7C9VL2,9050,57.14,2024-09-25 14:06:36
4140,382973233,buy,6WSMQ9WR5,8460,130.62,2024-09-25 14:06:36
4141,468357481,sell,LFRZ6R3T7,703,291.31,2024-09-25 14:06:36
4142,858792793,sell,G3LYCGC58,9096,200.65,2024-09-25 14:06:36
4143,417181690,sell,X272O0MD1,3639,459.89,2024-09-25 14:06:36
4144,960709697,buy,XUN0C55R5,5241,478.23,2024-09-25 14:06:36
4145,647233488,sell,HP4VQC498,325,292.66,2024-09-25 14:06:36
4146,473653902,buy,UIJKOFXD1,1441,383.92,2024-09-25 14:06:36
4147,596968989,sell,7SS5HCLR5,5662,312.31,2024-09-25 14:06:36
4148,966519513,buy,NZL56PZK1,9623,94.09,2024-09-25 14:06:36
4149,683572620,sell,PCBM9GNA6,6413,223.12,2024-09-25 14:06:36
4150,923264886,sell,Q0TDD4UO6,7581,448.63,2024-09-25 14:06:36
4151,982428391,buy,0PZEOFB48,6981,351.95,2024-09-25 14:06:36
4152,191732437,buy,Q14SD4VZ2,9931,321.52,2024-09-25 14:06:36
4153,230164608,buy,3WYFG0PA1,3245,364.92,2024-09-25 14:06:36
4154,738541512,buy,P3AHD50W4,9465,109.12,2024-09-25 14:06:36
4155,288149533,sell,HAABYP3H3,2810,181.35,2024-09-25 14:06:36
4156,932731581,sell,GXNMJMX20,3736,442.13,2024-09-25 14:06:36
4157,138963840,buy,D7UBTUCS3,1565,449.11,2024-09-25 14:06:36
4158,139179697,sell,91CQJVYZ7,8893,27.07,2024-09-25 14:06:36
4159,140917541,buy,FKWX2BWN2,5450,291.04,2024-09-25 14:06:36
4160,825809771,sell,TWE6VVP10,349,434.57,2024-09-25 14:06:36
4161,233528769,sell,N98PGUGC7,3744,40.78,2024-09-25 14:06:36
4162,757361343,sell,D8LWS8GR3,253,269.72,2024-09-25 14:06:36
4163,532660126,sell,CGTUZ3RA0,2367,443.17,2024-09-25 14:06:36
4164,480357655,sell,VQIT7L0L8,4004,74.70,2024-09-25 14:06:36
4165,104191926,sell,QPXZ6O709,4449,263.75,2024-09-25 14:06:36
4166,979186121,buy,ZLWRDLKD2,9113,239.46,2024-09-25 14:06:36
4167,949064072,sell,HCW8R17K2,9941,377.59,2024-09-25 14:06:36
4168,451224929,buy,B5MBJHDK4,9189,265.69,2024-09-25 14:06:36
4169,457187607,sell,QA502H1I6,7774,482.81,2024-09-25 14:06:36
4170,544946980,buy,IE2BUDRS4,914,454.67,2024-09-25 14:06:36
4171,347767594,sell,6YFZTSET7,2447,180.65,2024-09-25 14:06:36
4172,628431841,buy,D66F53ZF2,4964,137.77,2024-09-25 14:06:36
4173,584393275,sell,7Q5S8GHZ2,5800,246.81,2024-09-25 14:06:36
4174,549634128,buy,QCXFNOIE1,9674,179.63,2024-09-25 14:06:36
4175,122777855,sell,9FZFJC159,3280,407.80,2024-09-25 14:06:36
4176,951619973,sell,2C1O2EHE9,9991,176.75,2024-09-25 14:06:36
4177,779866906,sell,SIKKBFCZ0,7959,395.04,2024-09-25 14:06:36
4178,694342629,buy,CEWMMHRP9,6302,446.89,2024-09-25 14:06:36
4179,371796080,buy,144IV11Y7,2636,246.42,2024-09-25 14:06:36
4180,451150977,buy,0RNTQ04J0,3902,35.30,2024-09-25 14:06:36
4181,845885787,buy,12MJIWHC7,8101,402.67,2024-09-25 14:06:36
4182,446409914,sell,QUSVGMHO3,1267,50.73,2024-09-25 14:06:36
4183,783794529,buy,UNLQ91YN9,1200,321.06,2024-09-25 14:06:36
4184,783273062,sell,71SDJ5OO4,4797,362.09,2024-09-25 14:06:36
4185,964589712,sell,TJO0Z50O1,9513,491.99,2024-09-25 14:06:36
4186,327369750,sell,RHEGKHVB7,9940,108.47,2024-09-25 14:06:36
4187,211292404,sell,U631ESEB4,5285,188.12,2024-09-25 14:06:36
4188,135704965,buy,7VEDXOUX9,1429,220.54,2024-09-25 14:06:36
4189,126360622,sell,52WP00WG1,7206,93.88,2024-09-25 14:06:36
4190,742406223,buy,N8OEL6CC7,8419,165.63,2024-09-25 14:06:36
4191,308915444,sell,CCWVFSVT4,4074,97.41,2024-09-25 14:06:36
4192,992009206,sell,WX1ZVABW7,784,158.10,2024-09-25 14:06:36
4193,629027076,buy,L0F5PTNY1,3895,333.84,2024-09-25 14:06:36
4194,934861068,buy,XPTJBN4D3,8012,219.35,2024-09-25 14:06:36
4195,489274457,buy,108K28YN1,5918,182.64,2024-09-25 14:06:36
4196,796046257,buy,MTV7BL0X4,4440,82.96,2024-09-25 14:06:36
4197,578479912,sell,DIPJ0DZ29,2392,369.75,2024-09-25 14:06:36
4198,111387386,sell,I41X7KW20,1395,430.67,2024-09-25 14:06:36
4199,970537807,buy,LNZQJ8CT9,2199,269.48,2024-09-25 14:06:36
4200,457890051,buy,NGF3VFK25,3630,472.95,2024-09-25 14:06:36
4201,459619653,sell,9YSHPU1F3,4356,40.19,2024-09-25 14:06:36
4202,668932978,sell,VRK0936W4,5896,313.59,2024-09-25 14:06:36
4203,698912800,buy,V0Z0857C6,2502,90.42,2024-09-25 14:06:36
4204,446646338,buy,XISP682T2,2368,415.86,2024-09-25 14:06:36
4205,778536989,buy,6FLBW4HL7,9119,402.09,2024-09-25 14:06:36
4206,740731611,sell,OMQPEHH03,9388,95.17,2024-09-25 14:06:36
4207,178630404,buy,2S3QGWFT1,9470,274.50,2024-09-25 14:06:36
4208,348659136,sell,B0P9A9E98,8946,449.28,2024-09-25 14:06:36
4209,245901783,sell,3AP2FE784,3309,371.55,2024-09-25 14:06:36
4210,315560276,sell,I33D6IFE3,4883,389.59,2024-09-25 14:06:36
4211,793205103,sell,8OD6DGD59,2079,297.48,2024-09-25 14:06:36
4212,799246921,sell,MCJF3OI29,5698,460.65,2024-09-25 14:06:36
4213,443550431,sell,ATPS8CQ55,4986,198.61,2024-09-25 14:06:36
4214,270216519,sell,J65NHU7G6,8118,405.87,2024-09-25 14:06:36
4215,634139269,sell,QSTAILQJ4,5739,469.65,2024-09-25 14:06:36
4216,191807475,sell,4I6KESUC2,5983,169.44,2024-09-25 14:06:36
4217,282730803,buy,KB007C2Y5,7264,312.34,2024-09-25 14:06:36
4218,147112353,buy,O5RNT2N95,4768,325.69,2024-09-25 14:06:36
4219,252675220,buy,6QAI60O47,2148,294.18,2024-09-25 14:06:36
4220,865479964,sell,Z8Y51PW48,7240,382.69,2024-09-25 14:06:36
4221,828999456,buy,GUC758GP5,8373,207.65,2024-09-25 14:06:36
4222,722050977,sell,NJM65BFO0,4570,371.45,2024-09-25 14:06:36
4223,505898917,buy,LMNTTPWX8,316,445.57,2024-09-25 14:06:36
4224,177934862,sell,9DWW1DSI0,5742,477.35,2024-09-25 14:06:36
4225,817854842,sell,SYJ4YJW05,3487,270.54,2024-09-25 14:06:36
4226,519237411,buy,IGTWV6W37,1402,57.96,2024-09-25 14:06:36
4227,908601455,buy,CP8DZHWQ9,7500,87.52,2024-09-25 14:06:36
4228,936238099,sell,IKF3EJXC7,8382,339.03,2024-09-25 14:06:36
4229,759259719,buy,RUMQ1O0G6,7488,216.97,2024-09-25 14:06:36
4230,247248389,buy,07OK9VJV0,1390,272.95,2024-09-25 14:06:36
4231,552856619,buy,4QRJZZII6,2586,38.91,2024-09-25 14:06:36
4232,380630522,sell,YN9J4YAL8,7025,456.39,2024-09-25 14:06:36
4233,434022469,buy,KDW5ZZZN1,7861,398.94,2024-09-25 14:06:36
4234,933737354,buy,BJXD7E1S4,7289,497.95,2024-09-25 14:06:36
4235,386180922,sell,H70MNKAE9,1026,13.72,2024-09-25 14:06:36
4236,716876872,sell,YBLMLD7M2,2325,250.83,2024-09-25 14:06:36
4237,904798312,sell,I4NQXSV00,918,142.10,2024-09-25 14:06:36
4238,527189013,sell,PNE6OO3C8,1043,216.13,2024-09-25 14:06:36
4239,567400582,buy,XKN0NSGC6,1938,60.37,2024-09-25 14:06:36
4240,814720145,sell,C6KJ2F121,4539,272.46,2024-09-25 14:06:36
4241,542354518,sell,SJFVXUXE7,2853,362.33,2024-09-25 14:06:36
4242,145007884,sell,YOX4WEA19,1190,423.31,2024-09-25 14:06:36
4243,905279031,buy,G0H11K883,5864,372.57,2024-09-25 14:06:36
4244,706962103,buy,FPWKUEZ58,3126,22.88,2024-09-25 14:06:36
4245,402700862,sell,WG42B1N86,4345,72.34,2024-09-25 14:06:36
4246,474822183,sell,BGNVDWL94,1297,280.38,2024-09-25 14:06:36
4247,128287344,buy,Q46A147K6,9002,262.68,2024-09-25 14:06:36
4248,185846956,buy,ADNL6OLH2,6560,136.47,2024-09-25 14:06:36
4249,666305718,buy,FACVJU6T6,5578,165.41,2024-09-25 14:06:36
4250,351819987,sell,5AG5LMXV0,3314,226.92,2024-09-25 14:06:36
4251,917622463,sell,V8POUW4Y9,5991,341.42,2024-09-25 14:06:36
4252,382483260,sell,CDCIL1KL4,1896,145.56,2024-09-25 14:06:36
4253,348112484,sell,G01TRAOA0,8272,160.32,2024-09-25 14:06:36
4254,550434848,sell,17501XBB0,1151,216.22,2024-09-25 14:06:36
4255,682528501,buy,SNENPFNZ3,805,494.56,2024-09-25 14:06:36
4256,693735036,sell,Q46CF76C9,2462,376.98,2024-09-25 14:06:36
4257,531894462,buy,DX3J9KCA2,2176,231.17,2024-09-25 14:06:36
4258,318205524,buy,VQVX4P1W3,8842,45.99,2024-09-25 14:06:36
4259,203585477,buy,ZLYZ1JU49,2743,189.66,2024-09-25 14:06:36
4260,404087839,buy,II5X9LBO6,6550,94.92,2024-09-25 14:06:36
4261,557384351,buy,7TDIINE03,2909,315.04,2024-09-25 14:06:36
4262,371034042,buy,P6BWD2125,3568,326.80,2024-09-25 14:06:36
4263,123988065,sell,PDDNAB873,1912,464.21,2024-09-25 14:06:36
4264,953315544,buy,SXDQZZ1S0,8898,142.25,2024-09-25 14:06:36
4265,206739975,sell,TY1RLL5N1,4919,301.32,2024-09-25 14:06:36
4266,555752129,sell,XK1MZ5KQ3,1559,39.29,2024-09-25 14:06:36
4267,426187538,buy,X0ET5N8C7,9747,290.38,2024-09-25 14:06:36
4268,310153148,buy,GZKIZWTU0,8688,431.23,2024-09-25 14:06:36
4269,702209573,buy,UZRF7FWY9,9818,26.07,2024-09-25 14:06:36
4270,193208730,sell,V7VH7FKC2,3972,263.23,2024-09-25 14:06:36
4271,345004516,buy,HE0SLPGG1,8899,112.72,2024-09-25 14:06:36
4272,932475399,sell,56F4CX748,2177,211.65,2024-09-25 14:06:36
4273,332588101,buy,TCEDYCJU1,2207,482.91,2024-09-25 14:06:36
4274,852755945,buy,WBCUC1K88,9938,387.58,2024-09-25 14:06:36
4275,722019574,sell,EGFR3J7W4,4431,203.67,2024-09-25 14:06:36
4276,615999673,buy,UK223KR68,7894,248.94,2024-09-25 14:06:36
4277,101261776,sell,C8M6ETEJ9,4433,253.10,2024-09-25 14:06:36
4278,242006915,buy,A4H9FJGU4,7092,122.16,2024-09-25 14:06:36
4279,545920520,sell,JPRJYBT29,6556,409.86,2024-09-25 14:06:36
4280,633100285,buy,8PIUFSP81,1088,373.13,2024-09-25 14:06:36
4281,968926237,buy,WL6NH5483,4913,494.91,2024-09-25 14:06:36
4282,787198594,sell,E7JI7GWF1,665,54.21,2024-09-25 14:06:36
4283,888549188,sell,09DVGU501,4775,37.90,2024-09-25 14:06:36
4284,893216630,buy,KIB9Y7PY5,6850,124.01,2024-09-25 14:06:36
4285,860863721,buy,GOVU97056,3298,181.48,2024-09-25 14:06:36
4286,623177831,buy,ML29ZXK07,9150,425.19,2024-09-25 14:06:36
4287,616355645,buy,RR1UIY9M5,1414,199.44,2024-09-25 14:06:36
4288,475951758,buy,TPNJJYE09,438,425.51,2024-09-25 14:06:36
4289,943346960,sell,QNJKAIVI5,3689,127.30,2024-09-25 14:06:36
4290,642335689,buy,ED6R3VJ84,8738,364.84,2024-09-25 14:06:36
4291,811733251,sell,S639UYI17,5538,213.02,2024-09-25 14:06:36
4292,555226404,sell,3BPACR6T3,3277,346.10,2024-09-25 14:06:36
4293,278618920,sell,1FXKDKP27,3882,243.85,2024-09-25 14:06:36
4294,266003511,sell,GC67I5ET8,5176,251.45,2024-09-25 14:06:36
4295,903555965,sell,7MDO2WWP7,1862,301.32,2024-09-25 14:06:36
4296,397906048,buy,CSDIMTCL7,6765,196.82,2024-09-25 14:06:36
4297,652419048,sell,QTA0ZZSM5,9058,264.91,2024-09-25 14:06:36
4298,591498455,buy,YY1LGI4K8,538,392.21,2024-09-25 14:06:36
4299,702327585,buy,1QW7OW3N3,5409,161.47,2024-09-25 14:06:36
4300,888430922,buy,9FGK4TP60,7771,471.34,2024-09-25 14:06:36
4301,332776147,sell,GX1RLGX49,6426,262.37,2024-09-25 14:06:36
4302,300250943,sell,VKEO1FCH1,1137,238.01,2024-09-25 14:06:36
4303,347663737,buy,1NJ1JM793,9800,214.40,2024-09-25 14:06:36
4304,986048551,sell,ZDGJJQ2H0,9202,133.61,2024-09-25 14:06:36
4305,590170490,sell,MUHWUFLZ6,2427,241.59,2024-09-25 14:06:36
4306,988508735,buy,4BLB5DE98,9543,226.31,2024-09-25 14:06:36
4307,926483800,sell,SVHSVKZI8,9712,303.95,2024-09-25 14:06:36
4308,168006380,buy,T4DDSACT1,2105,52.52,2024-09-25 14:06:36
4309,345949798,buy,DRE0JPAC0,7152,77.44,2024-09-25 14:06:36
4310,257833046,sell,K7A0AFR41,7796,134.06,2024-09-25 14:06:36
4311,630237482,buy,43YXK6W01,8530,65.84,2024-09-25 14:06:36
4312,866140254,buy,GGSLBCIC9,5240,183.93,2024-09-25 14:06:36
4313,861263891,buy,64QLRGXS1,1179,323.36,2024-09-25 14:06:36
4314,696166658,buy,JILGXL2E9,9765,143.50,2024-09-25 14:06:36
4315,456581266,sell,3S858D688,5475,437.23,2024-09-25 14:06:36
4316,616098723,sell,OM59DAIO5,967,232.80,2024-09-25 14:06:36
4317,930950794,sell,9MQ1EFHA5,5255,291.94,2024-09-25 14:06:36
4318,847449581,buy,73ZKGPXE7,3245,15.52,2024-09-25 14:06:36
4319,385895423,sell,PYSHA8FQ1,8297,359.01,2024-09-25 14:06:36
4320,352841497,buy,EGG45A545,3140,106.30,2024-09-25 14:06:36
4321,536825927,sell,9JNSESTN7,6186,138.12,2024-09-25 14:06:36
4322,107597234,buy,G34N1WKX8,2137,363.45,2024-09-25 14:06:36
4323,904685384,buy,B8KW4BDO5,6932,347.18,2024-09-25 14:06:36
4324,740842563,sell,VT49HCSA4,6181,133.64,2024-09-25 14:06:36
4325,674412049,buy,VAFNA5IT4,7468,414.35,2024-09-25 14:06:36
4326,385571740,buy,YYCP7LP84,3679,318.55,2024-09-25 14:06:36
4327,782650759,sell,5PW3IF1T3,5923,56.37,2024-09-25 14:06:36
4328,678520552,sell,6O16PPWF8,5723,157.04,2024-09-25 14:06:36
4329,824908350,buy,RMS5ABJR8,7069,390.38,2024-09-25 14:06:36
4330,912497709,buy,0GZJ8WEI4,5973,385.71,2024-09-25 14:06:36
4331,729842627,buy,MQUK1R7E5,4364,75.22,2024-09-25 14:06:36
4332,200860651,buy,GK9PKZ2Z7,3317,331.38,2024-09-25 14:06:36
4333,621385538,buy,SNZ3ZKFP3,172,271.86,2024-09-25 14:06:36
4334,443876375,buy,UIPTUYMH0,2722,284.41,2024-09-25 14:06:36
4335,933201699,buy,XOXEJR163,9896,71.91,2024-09-25 14:06:36
4336,987702154,buy,11TCUAI14,3820,96.61,2024-09-25 14:06:36
4337,600127942,sell,IC7OLDX17,8954,308.39,2024-09-25 14:06:36
4338,662539140,sell,TSASRC7X2,33,358.57,2024-09-25 14:06:36
4339,825429788,sell,WQX0O2QJ3,4355,414.45,2024-09-25 14:06:36
4340,970068876,buy,FRGFYNQ26,5385,498.53,2024-09-25 14:06:36
4341,571369214,buy,4OPFCUAD6,6627,121.63,2024-09-25 14:06:36
4342,338481886,sell,DZT1UC1X4,2745,54.26,2024-09-25 14:06:36
4343,313070901,sell,NU5R5G732,2914,340.30,2024-09-25 14:06:36
4344,997031489,buy,96ABAFSR0,9257,89.91,2024-09-25 14:06:36
4345,348532381,buy,VBNWFB8W9,6082,374.30,2024-09-25 14:06:36
4346,343081622,sell,SAX4PDI91,7671,135.19,2024-09-25 14:06:36
4347,123783350,buy,UIFDBQYQ1,9311,33.37,2024-09-25 14:06:36
4348,477386767,sell,HQKIJ6RF9,8307,320.52,2024-09-25 14:06:36
4349,507679952,buy,ZDMK6CV91,3450,342.10,2024-09-25 14:06:36
4350,321397252,buy,UXPIRBVY8,205,86.07,2024-09-25 14:06:36
4351,367979193,sell,UXG5TLNO3,6684,473.82,2024-09-25 14:06:36
4352,427255807,sell,1VUSO0PL8,5327,181.77,2024-09-25 14:06:36
4353,686926875,buy,0BBWZZA57,6648,289.15,2024-09-25 14:06:36
4354,987345009,buy,LUPLPM2I2,1712,318.64,2024-09-25 14:06:36
4355,202610420,sell,1YF59ZT43,3244,457.38,2024-09-25 14:06:36
4356,250998592,sell,LHV2GV3N4,4136,197.35,2024-09-25 14:06:36
4357,837178577,sell,KJP1LV8T6,8361,159.23,2024-09-25 14:06:36
4358,993345384,buy,D0B4U1092,8322,298.42,2024-09-25 14:06:36
4359,532409971,buy,E4O8L4R95,3283,405.87,2024-09-25 14:06:36
4360,816711160,sell,LJFJ5ZLP9,7483,198.56,2024-09-25 14:06:36
4361,513149188,sell,PAVJ8VXQ7,3957,170.50,2024-09-25 14:06:36
4362,151523275,sell,KNJPIX853,8774,56.86,2024-09-25 14:06:36
4363,265833959,buy,MW054IEX5,2606,249.52,2024-09-25 14:06:36
4364,525746056,buy,LXL3JNSS5,8546,93.69,2024-09-25 14:06:36
4365,692378399,sell,5QT3SSN05,9007,454.44,2024-09-25 14:06:36
4366,846333948,sell,3MVNVSIU5,9631,462.93,2024-09-25 14:06:36
4367,355686809,buy,EF3EIW7T0,4979,452.94,2024-09-25 14:06:36
4368,768198414,buy,K185FCU51,5072,194.70,2024-09-25 14:06:36
4369,461614964,sell,PZNS5T8G9,7493,53.20,2024-09-25 14:06:36
4370,373365104,buy,NZA018BM9,3927,116.77,2024-09-25 14:06:36
4371,530196665,sell,8IW6SFR78,6204,64.01,2024-09-25 14:06:36
4372,121069598,buy,EH9RULMU1,7515,388.81,2024-09-25 14:06:36
4373,392274444,buy,3TWWJK211,7114,346.31,2024-09-25 14:06:36
4374,911637928,sell,WOU3UHPX5,8474,345.10,2024-09-25 14:06:36
4375,237540485,buy,JM6HEO2G5,2761,200.47,2024-09-25 14:06:36
4376,313726785,sell,EQ53AF6N7,4640,248.07,2024-09-25 14:06:36
4377,104669003,sell,2XV89NOL4,9792,164.69,2024-09-25 14:06:36
4378,980043098,sell,XP095F0I3,319,275.95,2024-09-25 14:06:36
4379,364838385,sell,T506R4MS3,3669,307.11,2024-09-25 14:06:36
4380,295927445,buy,4TSQRVNT1,939,233.76,2024-09-25 14:06:36
4381,233334847,buy,8T18FTKJ9,1634,92.83,2024-09-25 14:06:36
4382,424104062,sell,HV0IZXXQ2,3837,284.91,2024-09-25 14:06:36
4383,190107881,buy,TADWRVM10,1273,73.58,2024-09-25 14:06:36
4384,621115154,sell,FA3SG5QE2,6336,314.19,2024-09-25 14:06:36
4385,470333840,buy,LMBK6DVU9,8544,239.11,2024-09-25 14:06:36
4386,873761636,buy,8EKNO6Y20,3384,362.52,2024-09-25 14:06:36
4387,179224238,buy,UTYZB6L85,9901,114.36,2024-09-25 14:06:36
4388,561153605,sell,G33AO4MB0,6020,444.65,2024-09-25 14:06:36
4389,410489227,sell,M98LC1GY7,1468,413.83,2024-09-25 14:06:36
4390,551620932,buy,S3M62O8F2,5881,253.10,2024-09-25 14:06:36
4391,293144961,sell,P5GNLZ9V8,2761,28.03,2024-09-25 14:06:36
4392,124812728,buy,I493QQMO7,1290,444.62,2024-09-25 14:06:36
4393,701335202,sell,MJBKWVRG2,8795,259.93,2024-09-25 14:06:36
4394,139791435,sell,Z9ZQVU701,6636,239.06,2024-09-25 14:06:36
4395,214860009,sell,K24LP3MF4,9066,120.01,2024-09-25 14:06:36
4396,233408615,sell,919CM70Z8,912,402.15,2024-09-25 14:06:36
4397,683234303,buy,DKKY1F4T5,5859,57.58,2024-09-25 14:06:36
4398,146743599,buy,VL386OIZ6,4008,206.66,2024-09-25 14:06:36
4399,119247368,sell,8QTE5NCI7,2097,305.14,2024-09-25 14:06:36
4400,903302695,buy,CHKIB5KO2,9419,340.16,2024-09-25 14:06:36
4401,537928365,sell,9KPCH4S57,592,377.18,2024-09-25 14:06:36
4402,276153804,buy,DXIE20XJ6,9364,499.61,2024-09-25 14:06:36
4403,418121755,buy,8F8OGET01,2953,179.93,2024-09-25 14:06:36
4404,483830653,sell,I7PASJLY9,9376,46.25,2024-09-25 14:06:36
4405,969338129,sell,R3XMHMJC9,2289,377.11,2024-09-25 14:06:36
4406,750329576,sell,V85KW7FW4,2314,79.89,2024-09-25 14:06:36
4407,417229245,buy,G3TR350N3,8602,24.61,2024-09-25 14:06:36
4408,241465608,sell,EE8E16P97,2210,223.04,2024-09-25 14:06:36
4409,183973309,buy,LH1GFJJT4,1290,76.81,2024-09-25 14:06:36
4410,656536784,sell,B6WPEJGH5,9810,229.34,2024-09-25 14:06:36
4411,900926874,buy,A5ZB62MB8,9765,99.46,2024-09-25 14:06:36
4412,309499754,sell,G13NTUBX7,2178,73.80,2024-09-25 14:06:36
4413,267821025,sell,WQW97LE30,1236,344.39,2024-09-25 14:06:36
4414,466761107,buy,QG22RYFS1,3790,431.55,2024-09-25 14:06:36
4415,203406869,sell,TRJ22PEE4,3790,114.17,2024-09-25 14:06:36
4416,339450627,buy,QD9TVY616,684,285.10,2024-09-25 14:06:36
4417,326933778,sell,UE6JZLIL1,8270,237.15,2024-09-25 14:06:36
4418,708038751,buy,N9263SBQ8,2717,199.39,2024-09-25 14:06:36
4419,510398088,buy,RXODC8VB7,6206,51.07,2024-09-25 14:06:36
4420,981027517,buy,5DOUXYJ47,8719,68.44,2024-09-25 14:06:36
4421,194895146,sell,JB27G2GX9,5289,316.66,2024-09-25 14:06:36
4422,340466991,sell,YXIOMOJ04,2210,217.89,2024-09-25 14:06:36
4423,228141015,buy,91RMQEFD0,7729,371.12,2024-09-25 14:06:36
4424,155650762,buy,0YMSSJUD9,532,327.56,2024-09-25 14:06:36
4425,737071215,sell,JYVHABAS8,9354,73.51,2024-09-25 14:06:36
4426,356707566,buy,49T2J6ZX9,5744,163.56,2024-09-25 14:06:36
4427,628104068,buy,65J27E6F3,3803,189.92,2024-09-25 14:06:36
4428,348376185,sell,P6OUSLCZ2,2524,120.49,2024-09-25 14:06:36
4429,905168067,sell,9JHH5YNL5,52,457.21,2024-09-25 14:06:36
4430,119187165,buy,XZ0EMLHT6,3091,273.40,2024-09-25 14:06:36
4431,881541519,buy,1MWR1L8O0,4894,59.68,2024-09-25 14:06:36
4432,582214854,buy,O00QROYP4,8892,225.95,2024-09-25 14:06:36
4433,291357496,sell,UB9DPR3H0,24,64.04,2024-09-25 14:06:36
4434,719814243,buy,N0LS57W30,2967,170.08,2024-09-25 14:06:36
4435,618389941,sell,STF5DLCW7,1566,245.47,2024-09-25 14:06:36
4436,108014480,sell,MGK3AAKQ1,384,10.95,2024-09-25 14:06:36
4437,861681642,sell,XG97U2YZ4,6420,429.87,2024-09-25 14:06:36
4438,499794002,sell,W5584EJI9,8210,367.34,2024-09-25 14:06:36
4439,142947718,sell,B7BMCLX32,4602,457.84,2024-09-25 14:06:36
4440,681397177,buy,HFMZWZLL7,6880,332.97,2024-09-25 14:06:36
4441,750521627,sell,UVMMXJNF2,1238,181.43,2024-09-25 14:06:36
4442,308457793,sell,256C65Z00,6167,175.80,2024-09-25 14:06:36
4443,896019596,buy,R4392ZKR1,3183,77.69,2024-09-25 14:06:36
4444,558907152,sell,KCQZCT2V1,8924,93.60,2024-09-25 14:06:36
4445,212887387,buy,N8VFAM7B1,6326,129.74,2024-09-25 14:06:36
4446,427293273,sell,MJT4VDN17,4044,495.17,2024-09-25 14:06:36
4447,154219543,buy,9MRSK63G0,1140,484.37,2024-09-25 14:06:36
4448,139994786,sell,WQUZ3SCZ4,379,462.28,2024-09-25 14:06:36
4449,450901250,buy,GUL5YUJL4,7614,342.38,2024-09-25 14:06:36
4450,226414998,buy,5TOPPGV88,3422,107.26,2024-09-25 14:06:36
4451,378778224,sell,2NA0HK3D4,8760,412.45,2024-09-25 14:06:36
4452,339609544,buy,TT58Q4V53,8513,177.99,2024-09-25 14:06:36
4453,148584263,sell,N2CYDE0Z3,4022,463.16,2024-09-25 14:06:36
4454,748844044,buy,6KRCUMXJ7,9195,51.65,2024-09-25 14:06:36
4455,302051355,buy,W94AYGJM0,3855,268.92,2024-09-25 14:06:36
4456,642251981,sell,CLPMO9S19,6816,117.06,2024-09-25 14:06:36
4457,135055044,sell,IF0L5RHY6,6504,325.51,2024-09-25 14:06:36
4458,282452928,sell,A7VJL8FS2,243,472.64,2024-09-25 14:06:36
4459,788276989,buy,508S0YRW3,2289,447.78,2024-09-25 14:06:36
4460,853340784,sell,6HHMZ1043,7268,264.76,2024-09-25 14:06:36
4461,130530043,buy,ZFDYK7HX4,1552,378.17,2024-09-25 14:06:36
4462,296014754,buy,R3M63DNL6,4923,426.88,2024-09-25 14:06:36
4463,714417914,buy,FD5CQSI49,5243,347.19,2024-09-25 14:06:36
4464,574175000,buy,V9S64IGK0,3170,300.43,2024-09-25 14:06:36
4465,928598010,sell,6QMTDGPZ7,1853,293.65,2024-09-25 14:06:36
4466,590979344,buy,GYQCKTWH8,4254,216.20,2024-09-25 14:06:36
4467,164412341,sell,5GNOTN622,2420,442.95,2024-09-25 14:06:36
4468,829530686,sell,0DJGBQQU4,6163,368.20,2024-09-25 14:06:36
4469,234760945,buy,H4MAHVAB7,4538,179.24,2024-09-25 14:06:36
4470,460703040,buy,JFVSYVSL1,4656,246.12,2024-09-25 14:06:36
4471,872449544,sell,BV5ZBEKJ3,5125,389.07,2024-09-25 14:06:36
4472,572330076,sell,NAG0P7HG1,5738,181.97,2024-09-25 14:06:36
4473,361668459,buy,INJTP2CW4,6867,181.32,2024-09-25 14:06:36
4474,552525115,sell,YDAQ7Y0B2,164,439.67,2024-09-25 14:06:36
4475,992615429,buy,VULOIIKI6,7076,179.40,2024-09-25 14:06:36
4476,863428870,sell,EUE2RIG21,4904,484.56,2024-09-25 14:06:36
4477,635490660,sell,7G1C6PQP7,4124,284.85,2024-09-25 14:06:36
4478,287508726,sell,KDTAPQUN0,2876,462.13,2024-09-25 14:06:36
4479,824837000,sell,R7E5OBZB8,5366,37.68,2024-09-25 14:06:36
4480,515584301,buy,17M1RNDY1,7180,111.11,2024-09-25 14:06:36
4481,183098170,sell,3SGKBMZK3,7658,379.53,2024-09-25 14:06:36
4482,705524796,buy,RRUEJSO36,3257,123.75,2024-09-25 14:06:36
4483,903257480,buy,ZVSEFL2N0,1481,405.96,2024-09-25 14:06:36
4484,809249649,buy,NC2JULK88,4293,13.14,2024-09-25 14:06:36
4485,911498122,buy,DCRQXYB93,6927,176.24,2024-09-25 14:06:36
4486,429697393,buy,0TZ6B64O5,5382,177.78,2024-09-25 14:06:36
4487,685709693,buy,PGDXQ8QZ2,4397,481.86,2024-09-25 14:06:36
4488,554562526,buy,GLI5UFF21,4976,149.08,2024-09-25 14:06:36
4489,371886617,buy,D2B0NZYS0,5552,64.64,2024-09-25 14:06:36
4490,232045995,buy,YK32J9F56,6406,192.52,2024-09-25 14:06:36
4491,162360874,sell,W75QEZIR8,9153,212.07,2024-09-25 14:06:36
4492,346322641,buy,8D5J9AEQ5,1370,306.19,2024-09-25 14:06:36
4493,991326746,sell,98J55T872,1701,355.63,2024-09-25 14:06:36
4494,860922137,buy,FV64OX970,7952,153.21,2024-09-25 14:06:36
4495,456511880,sell,PILMDKM43,9517,127.19,2024-09-25 14:06:36
4496,845548337,buy,0ERH8SY57,6750,100.27,2024-09-25 14:06:36
4497,331299025,buy,I307HI6L1,7164,225.00,2024-09-25 14:06:36
4498,826086170,buy,KF0WGWHF7,5869,362.57,2024-09-25 14:06:36
4499,232166081,sell,OA45BWYK4,7671,371.10,2024-09-25 14:06:36
4500,469367899,buy,LNCID23G9,5969,394.25,2024-09-25 14:06:36
4501,466435309,buy,F3CXF8AJ8,2929,262.17,2024-09-25 14:06:36
4502,651215727,buy,NH4N61WZ4,3404,68.17,2024-09-25 14:06:36
4503,416246017,sell,J0TRIGU52,6961,244.73,2024-09-25 14:06:36
4504,141257416,buy,I55YAREJ5,7134,247.16,2024-09-25 14:06:36
4505,396446894,sell,2J0AKJ549,7065,439.68,2024-09-25 14:06:36
4506,813087050,buy,E57UFEN59,7363,430.70,2024-09-25 14:06:36
4507,750594728,sell,QWU0179O2,4452,499.90,2024-09-25 14:06:36
4508,545444237,sell,YD23Z89Y9,7883,482.67,2024-09-25 14:06:36
4509,616856628,buy,YAWOTGO77,8068,450.74,2024-09-25 14:06:36
4510,592888518,sell,3A63LOVS3,252,368.39,2024-09-25 14:06:36
4511,671395439,sell,JCWE1PQR6,656,31.75,2024-09-25 14:06:36
4512,823614050,sell,FTJ6SQ6L9,3706,281.07,2024-09-25 14:06:36
4513,475007156,buy,U50A7TR62,6629,122.56,2024-09-25 14:06:36
4514,557138972,buy,F9AJQXF49,5220,408.32,2024-09-25 14:06:36
4515,909430092,sell,ARI8JWM91,1260,60.17,2024-09-25 14:06:36
4516,673895441,buy,CWYLVCSJ3,8871,310.36,2024-09-25 14:06:36
4517,711806981,buy,1PWC8KBP4,7558,163.76,2024-09-25 14:06:36
4518,396727485,buy,4L1TZNA72,6684,343.61,2024-09-25 14:06:36
4519,682412692,sell,HPF5F7ES3,3778,64.33,2024-09-25 14:06:36
4520,776340593,buy,3YLWUROE2,2616,92.96,2024-09-25 14:06:36
4521,906913353,sell,1OELH9SA7,3178,109.65,2024-09-25 14:06:36
4522,388733810,buy,H0HFM3OI6,6168,493.57,2024-09-25 14:06:36
4523,683830533,sell,GKHJ3LR44,1360,248.36,2024-09-25 14:06:36
4524,723467059,buy,8UYMB7GM9,1390,189.64,2024-09-25 14:06:36
4525,851867524,sell,N9T9QDN13,935,437.81,2024-09-25 14:06:36
4526,311870682,sell,IFADBAMM3,1326,330.93,2024-09-25 14:06:36
4527,786456315,sell,2VYXV0NQ5,8901,307.07,2024-09-25 14:06:36
4528,476659958,sell,65S6ESF32,4520,53.32,2024-09-25 14:06:36
4529,388607773,buy,O0NFNB7G5,5494,159.14,2024-09-25 14:06:36
4530,197254417,sell,TK9T3MVV0,1580,41.85,2024-09-25 14:06:36
4531,108526003,buy,5MPS2LSN1,3127,283.95,2024-09-25 14:06:36
4532,542464696,buy,EDWHI8R75,81,425.45,2024-09-25 14:06:36
4533,961265560,buy,1JFPE8BR4,204,82.44,2024-09-25 14:06:36
4534,502969464,buy,G4WYX1TU1,661,319.79,2024-09-25 14:06:36
4535,982337358,buy,1B39VAZ09,4913,261.58,2024-09-25 14:06:36
4536,804988364,buy,IJMHK1PZ1,7537,290.64,2024-09-25 14:06:36
4537,867639729,buy,S3ZFDT5G6,7935,122.21,2024-09-25 14:06:36
4538,494606410,sell,A7E5VCS73,3925,185.89,2024-09-25 14:06:36
4539,750644617,buy,WFRRXC1S0,5663,427.26,2024-09-25 14:06:36
4540,418860172,sell,XCGZEEND6,8222,468.33,2024-09-25 14:06:36
4541,839853851,buy,0N0BCC0C1,838,460.50,2024-09-25 14:06:36
4542,192431166,sell,A2ZT8NNN1,7692,54.83,2024-09-25 14:06:36
4543,626570267,sell,YGNXTSMN5,7883,15.33,2024-09-25 14:06:36
4544,812116301,buy,SABV410S1,2645,85.70,2024-09-25 14:06:36
4545,575184303,sell,CFIO0WLX8,425,428.64,2024-09-25 14:06:36
4546,476086858,buy,EK118G393,3203,177.03,2024-09-25 14:06:36
4547,563359752,buy,7523E2BO1,8099,214.28,2024-09-25 14:06:36
4548,582736374,buy,6MVJSQD75,9283,298.44,2024-09-25 14:06:36
4549,270722141,sell,SIZACEJA6,2470,309.38,2024-09-25 14:06:36
4550,242524151,buy,3BOLWRJ15,4853,390.51,2024-09-25 14:06:36
4551,658665813,sell,7CDALHWY2,9080,34.87,2024-09-25 14:06:36
4552,172545789,buy,9TIM49BD8,4640,130.74,2024-09-25 14:06:36
4553,576544038,buy,CCCLJOOP9,4623,348.27,2024-09-25 14:06:36
4554,721822371,sell,9ZA20WJN9,5800,119.33,2024-09-25 14:06:36
4555,952510144,sell,7BPQ92RS2,203,128.24,2024-09-25 14:06:36
4556,124078951,sell,PHGVD9BU0,836,438.94,2024-09-25 14:06:36
4557,914476854,sell,8Z6LB0YZ7,8316,468.88,2024-09-25 14:06:36
4558,138829385,sell,8PVPE7438,6555,100.97,2024-09-25 14:06:36
4559,114974884,sell,OMQO4DSK0,8165,222.90,2024-09-25 14:06:36
4560,218774475,buy,RDJUDCB13,5080,214.64,2024-09-25 14:06:36
4561,244625034,buy,0Y49X93W5,7905,15.83,2024-09-25 14:06:36
4562,323295629,buy,Y22SDGG18,2868,484.73,2024-09-25 14:06:36
4563,886414884,sell,AWA677N16,3284,285.63,2024-09-25 14:06:36
4564,997038403,buy,3MY0QJUW0,4407,294.56,2024-09-25 14:06:36
4565,221543925,buy,KEQ8BNDJ6,9404,307.52,2024-09-25 14:06:36
4566,482788678,buy,U5J7NIC46,4922,381.14,2024-09-25 14:06:36
4567,194419548,sell,CZ9AYSCT5,8411,46.01,2024-09-25 14:06:36
4568,862683745,buy,KAMT99GN4,3726,208.46,2024-09-25 14:06:36
4569,872019498,buy,WW29UYUU8,8742,236.05,2024-09-25 14:06:36
4570,981487877,buy,LTQYBU020,1269,205.65,2024-09-25 14:06:36
4571,316280205,sell,WWOQF8W95,3862,323.08,2024-09-25 14:06:36
4572,249616795,buy,E2K63PBY2,9923,480.11,2024-09-25 14:06:36
4573,600514855,buy,DWMAMGEO4,1668,168.88,2024-09-25 14:06:36
4574,256821298,sell,YDA5BT4Y0,8241,238.11,2024-09-25 14:06:36
4575,803397155,sell,I84AND0P0,5789,36.31,2024-09-25 14:06:36
4576,840018720,sell,6LR3JIBX0,3245,402.50,2024-09-25 14:06:36
4577,932598316,buy,8MCDP6Z47,6457,166.89,2024-09-25 14:06:36
4578,306076638,sell,D39G9HGO1,7683,475.80,2024-09-25 14:06:36
4579,896126247,buy,OKBF21JN1,4987,73.61,2024-09-25 14:06:36
4580,259577103,sell,3RC09MCH8,5892,37.19,2024-09-25 14:06:36
4581,806705965,sell,AYQ7Q4VM4,4164,13.03,2024-09-25 14:06:36
4582,675754174,sell,3A24XUCS9,2824,129.32,2024-09-25 14:06:36
4583,961580140,buy,LLIY7HF40,2,434.90,2024-09-25 14:06:36
4584,496725066,buy,3G9JEKVA7,5761,251.68,2024-09-25 14:06:36
4585,654660397,buy,88MSBI3F3,4573,86.29,2024-09-25 14:06:36
4586,641406835,buy,IXN7V0IC0,4625,266.27,2024-09-25 14:06:36
4587,328810309,sell,ZX4PUC4F5,3057,427.67,2024-09-25 14:06:36
4588,813769317,buy,XGDEP4O61,9908,367.01,2024-09-25 14:06:36
4589,463190923,buy,RAEEN7T60,1841,184.20,2024-09-25 14:06:36
4590,444653958,sell,AF2YC7XN6,2829,305.08,2024-09-25 14:06:36
4591,677692904,sell,MB9BPSUA6,2768,341.10,2024-09-25 14:06:36
4592,974070460,buy,ARIJHMF81,3095,221.25,2024-09-25 14:06:36
4593,265448701,buy,L4SSMCD61,9926,133.00,2024-09-25 14:06:36
4594,492477211,sell,BWSGGR3R5,2199,317.34,2024-09-25 14:06:36
4595,478322328,buy,OC5UOCJ21,7889,289.69,2024-09-25 14:06:36
4596,359835157,buy,G2MTAV2E1,948,186.88,2024-09-25 14:06:36
4597,953227399,sell,WATOC5KN4,4541,268.53,2024-09-25 14:06:36
4598,347493324,sell,28GUCOAY8,1966,98.85,2024-09-25 14:06:36
4599,403841528,buy,46BV11GB9,7445,208.69,2024-09-25 14:06:36
4600,269501559,sell,O8VT05DK1,80,73.68,2024-09-25 14:06:36
4601,236801217,buy,7BHJB04Q7,6350,423.38,2024-09-25 14:06:36
4602,327465617,sell,F4UI5ZPC9,7509,44.00,2024-09-25 14:06:36
4603,492594784,buy,NYKL10J69,5248,330.03,2024-09-25 14:06:36
4604,996916063,buy,UEU06D8Z5,6490,443.76,2024-09-25 14:06:36
4605,170269719,sell,8LHJQ4A67,819,290.33,2024-09-25 14:06:36
4606,135727742,buy,EW8LD8R50,8632,209.06,2024-09-25 14:06:36
4607,323922946,buy,4HMQKQE95,7222,293.90,2024-09-25 14:06:36
4608,179349556,sell,YNR5QNM92,674,131.28,2024-09-25 14:06:36
4609,547012466,sell,QCALNGFT0,2502,232.31,2024-09-25 14:06:36
4610,326209231,sell,ENAMHAV69,4185,238.68,2024-09-25 14:06:36
4611,162640108,buy,KTIGVPVC2,2994,175.74,2024-09-25 14:06:36
4612,777768301,sell,U42Y8QTF4,91,410.94,2024-09-25 14:06:36
4613,898125922,sell,1EO394AR0,7341,106.67,2024-09-25 14:06:36
4614,228576579,buy,5QRHS6M13,4090,61.36,2024-09-25 14:06:36
4615,342994556,sell,NHLPHROZ0,3580,392.24,2024-09-25 14:06:36
4616,654897986,sell,BBQ6EC2B6,3367,303.45,2024-09-25 14:06:36
4617,771491726,sell,TUJ95WX52,8681,160.61,2024-09-25 14:06:36
4618,876271706,sell,AB4XE0NG4,8760,204.44,2024-09-25 14:06:36
4619,308826971,buy,6I809F849,7443,495.33,2024-09-25 14:06:36
4620,667357329,buy,Z0B55SV74,8409,133.31,2024-09-25 14:06:36
4621,701928494,buy,779A5GIK4,5112,31.73,2024-09-25 14:06:36
4622,112381208,sell,GN0NTHOG4,8830,290.58,2024-09-25 14:06:36
4623,747842633,buy,DAXOQFVD3,5944,273.40,2024-09-25 14:06:36
4624,926138841,sell,RVT10F437,8987,464.18,2024-09-25 14:06:36
4625,773869497,sell,XLC18PBT5,7692,178.74,2024-09-25 14:06:36
4626,869630382,sell,201Q9E753,2175,307.42,2024-09-25 14:06:36
4627,171239548,buy,S9ZO1LM59,5603,139.96,2024-09-25 14:06:36
4628,868067841,sell,ZG9KDKSE6,8285,276.49,2024-09-25 14:06:36
4629,975224074,sell,CYO9G4LU4,7289,95.69,2024-09-25 14:06:36
4630,774992582,sell,WD3CCMJC1,9978,459.57,2024-09-25 14:06:36
4631,190657781,buy,9FY94B8B2,6530,169.62,2024-09-25 14:06:36
4632,838979546,sell,GSED8HNQ2,5215,117.40,2024-09-25 14:06:36
4633,415636012,buy,Z0HKH2HF7,3430,246.76,2024-09-25 14:06:36
4634,714118144,buy,TA493HKA0,2730,218.92,2024-09-25 14:06:36
4635,995635049,buy,2A83IP503,1022,200.62,2024-09-25 14:06:36
4636,486873978,buy,LENUHKZH9,4530,453.86,2024-09-25 14:06:36
4637,968031824,buy,D5F0CH7Z5,7632,186.11,2024-09-25 14:06:36
4638,988188956,buy,20N6Y8QK4,3223,190.96,2024-09-25 14:06:36
4639,364611076,sell,T200EYS30,2352,294.73,2024-09-25 14:06:36
4640,797757368,buy,S00U5VJH4,250,85.97,2024-09-25 14:06:36
4641,791190138,sell,JK5HKMVQ3,4199,424.13,2024-09-25 14:06:36
4642,768411655,buy,ZI7S2PQ59,9540,384.76,2024-09-25 14:06:36
4643,577452893,buy,2DFA9WU42,4760,27.08,2024-09-25 14:06:36
4644,875368756,buy,35BIW0OL8,2124,254.37,2024-09-25 14:06:36
4645,781595524,sell,9Z3WF1KV3,1744,449.29,2024-09-25 14:06:36
4646,553401760,sell,GQZAJ8LB2,6780,364.06,2024-09-25 14:06:36
4647,733085218,sell,TKMEESAZ7,6844,488.66,2024-09-25 14:06:36
4648,556139984,buy,WG6MK6X47,3400,333.65,2024-09-25 14:06:36
4649,777123470,buy,WK3D9FNC7,7192,45.50,2024-09-25 14:06:36
4650,975575701,sell,1C1119J34,1053,216.34,2024-09-25 14:06:36
4651,840950734,sell,OL9BAQ5S1,9595,470.74,2024-09-25 14:06:36
4652,550970316,sell,VBNWEYSE8,5908,370.77,2024-09-25 14:06:36
4653,455561737,sell,CPO317HD8,5237,44.61,2024-09-25 14:06:36
4654,669037306,sell,O2U4SRQ69,5870,266.32,2024-09-25 14:06:36
4655,875854468,sell,NPBJYWFE4,5878,12.36,2024-09-25 14:06:36
4656,130206820,sell,QQICBXKT1,3475,29.77,2024-09-25 14:06:36
4657,409125003,sell,XILIMDEL0,4081,231.88,2024-09-25 14:06:36
4658,608541674,buy,O2FD8RT57,109,433.94,2024-09-25 14:06:36
4659,258421207,sell,868B7ELY3,9668,170.99,2024-09-25 14:06:36
4660,330285334,buy,RZX2A4N26,7957,31.86,2024-09-25 14:06:36
4661,157750561,sell,DFNXEXZ01,5555,487.45,2024-09-25 14:06:36
4662,497244250,sell,1U9U2TTU6,9569,329.54,2024-09-25 14:06:36
4663,574152003,sell,BMT4YV436,7105,404.80,2024-09-25 14:06:36
4664,995306454,buy,EWP0O4Q63,4090,341.36,2024-09-25 14:06:36
4665,119891419,sell,THSBRUHT2,7956,345.50,2024-09-25 14:06:36
4666,567147196,sell,1TRA19UG7,502,399.08,2024-09-25 14:06:36
4667,283291012,buy,HCFY374T1,2850,158.42,2024-09-25 14:06:36
4668,405723870,sell,0E6U0S4B9,4013,278.96,2024-09-25 14:06:36
4669,661912623,buy,XH2CYDK77,7795,425.77,2024-09-25 14:06:36
4670,120230922,sell,HVVHESZF6,2817,62.08,2024-09-25 14:06:36
4671,106096572,buy,1JJN0OJI7,300,132.38,2024-09-25 14:06:36
4672,773050922,buy,QPP3MJ3P1,3761,82.03,2024-09-25 14:06:36
4673,957900400,buy,MSHGH62N9,9276,273.55,2024-09-25 14:06:36
4674,366675937,buy,PV16LZYY0,1275,308.40,2024-09-25 14:06:36
4675,555016783,buy,J9GZ0R6I3,7177,353.22,2024-09-25 14:06:36
4676,431521967,buy,D962HSVC8,4005,482.79,2024-09-25 14:06:36
4677,619030768,sell,2FX5ESGH8,6755,413.64,2024-09-25 14:06:36
4678,834965389,sell,PJEHV41A5,4723,124.16,2024-09-25 14:06:36
4679,754744804,sell,LVPFCYHS3,6715,259.45,2024-09-25 14:06:36
4680,528255524,sell,G3UQBLAE8,1595,210.56,2024-09-25 14:06:36
4681,480545756,sell,UM4HCLRJ9,2213,397.77,2024-09-25 14:06:36
4682,882290666,buy,0LS7PX0K6,6444,478.58,2024-09-25 14:06:36
4683,828718840,buy,N0KRB9854,9059,281.36,2024-09-25 14:06:36
4684,639183988,sell,FMQCSMN74,1364,443.50,2024-09-25 14:06:36
4685,415214029,sell,ZAOY4XQ97,9815,211.57,2024-09-25 14:06:36
4686,452494225,buy,3ZMEDRBU5,6255,209.44,2024-09-25 14:06:36
4687,928880084,sell,8BCQRZX14,294,107.62,2024-09-25 14:06:36
4688,650988153,sell,YMLHDTZP5,5029,478.44,2024-09-25 14:06:36
4689,863529766,sell,3MG7LR427,793,210.90,2024-09-25 14:06:36
4690,427848421,sell,YP8TZHOY2,3062,52.40,2024-09-25 14:06:36
4691,728092836,sell,747F17PA0,8173,317.24,2024-09-25 14:06:36
4692,589658343,buy,R1E5SGYN1,6015,198.24,2024-09-25 14:06:36
4693,965573951,buy,XLNYK8HF9,4129,280.67,2024-09-25 14:06:36
4694,226571085,sell,9PKBBZYP9,1716,259.64,2024-09-25 14:06:36
4695,283409867,sell,J9PN57KK8,897,344.51,2024-09-25 14:06:36
4696,876933806,buy,VVUWFOZM1,6444,335.55,2024-09-25 14:06:36
4697,501409503,buy,HHQ1XLZT2,4891,90.71,2024-09-25 14:06:36
4698,160668865,buy,JVB7TZDY9,7656,122.53,2024-09-25 14:06:36
4699,829114008,buy,4690JP6D5,153,99.75,2024-09-25 14:06:36
4700,575099534,sell,WDPF2X425,1570,335.25,2024-09-25 14:06:36
4701,684553103,sell,Y4H6H04G7,5455,191.86,2024-09-25 14:06:36
4702,911805096,sell,TT84DZS09,9571,397.83,2024-09-25 14:06:36
4703,191907779,sell,PWGY8R2Y9,2281,389.43,2024-09-25 14:06:36
4704,507729846,buy,91W8DS275,8286,457.72,2024-09-25 14:06:36
4705,792444955,sell,SSBL771D0,9314,229.14,2024-09-25 14:06:36
4706,908767173,sell,HM85V7ZV0,14,252.78,2024-09-25 14:06:36
4707,352615029,sell,80O7CC7I6,4184,148.68,2024-09-25 14:06:36
4708,683451752,sell,SRQ92B073,3854,304.31,2024-09-25 14:06:36
4709,712866165,buy,D38UJM6T9,9988,432.99,2024-09-25 14:06:36
4710,502112741,sell,Q51H3WDV8,2991,159.47,2024-09-25 14:06:36
4711,429718363,buy,SZ34RPCO3,3084,498.23,2024-09-25 14:06:36
4712,644208357,sell,K9MESFIM5,5755,27.60,2024-09-25 14:06:36
4713,749375325,buy,2K1B5X309,8103,475.04,2024-09-25 14:06:36
4714,286872726,sell,R8PT7B7E6,839,55.41,2024-09-25 14:06:36
4715,138750040,sell,MZUKVMSC4,2225,177.11,2024-09-25 14:06:36
4716,843175165,sell,WGA5EL4L7,1411,241.95,2024-09-25 14:06:36
4717,128613545,sell,JVGMHVGG9,9337,262.32,2024-09-25 14:06:36
4718,313046353,buy,81XN5JZQ3,2348,391.82,2024-09-25 14:06:36
4719,235134310,sell,NCRF8NJZ2,8979,233.99,2024-09-25 14:06:36
4720,502089711,buy,P6TCJ4W34,448,146.59,2024-09-25 14:06:36
4721,260665691,sell,ROJNM6663,5171,321.83,2024-09-25 14:06:36
4722,353621338,buy,JLIBVP671,6857,401.11,2024-09-25 14:06:36
4723,194838392,sell,H1WY7UUO3,8030,183.31,2024-09-25 14:06:36
4724,399048216,buy,UFKUWLO58,2294,319.25,2024-09-25 14:06:36
4725,930956957,sell,N8J37Q8U4,2554,305.20,2024-09-25 14:06:36
4726,227522745,sell,MQ4UGDFO6,1595,368.37,2024-09-25 14:06:36
4727,117049562,sell,T8B3W09P5,9638,175.65,2024-09-25 14:06:36
4728,164192927,sell,WKMKBEVH0,4632,416.65,2024-09-25 14:06:36
4729,839093884,sell,LW9PL3KN2,1020,449.10,2024-09-25 14:06:36
4730,556143455,buy,CZGYYA208,2839,488.07,2024-09-25 14:06:36
4731,735016185,buy,YSC436A53,4166,168.43,2024-09-25 14:06:36
4732,960485376,sell,VRPFLQ1S5,7521,345.98,2024-09-25 14:06:36
4733,628449266,sell,DFN8YT8L7,3442,144.13,2024-09-25 14:06:36
4734,241494349,buy,4LRABSWF8,8763,463.48,2024-09-25 14:06:36
4735,995974962,sell,E4QTE1S33,9255,312.36,2024-09-25 14:06:36
4736,959442011,buy,P5UBEUXN8,9936,469.24,2024-09-25 14:06:36
4737,359096745,buy,97ZUBHNL2,1942,475.59,2024-09-25 14:06:36
4738,875513267,buy,YN0B0ZJO0,2917,182.92,2024-09-25 14:06:36
4739,126757802,sell,4TQCE6G46,7233,157.58,2024-09-25 14:06:36
4740,506303859,sell,A311GINJ8,3486,207.15,2024-09-25 14:06:36
4741,545688187,sell,RHI542360,3395,351.73,2024-09-25 14:06:36
4742,371360064,sell,JGH6BBVM6,8652,481.03,2024-09-25 14:06:36
4743,530005960,buy,9MUGMZY49,6615,159.03,2024-09-25 14:06:36
4744,799893923,buy,G26MAP1Y4,2241,432.35,2024-09-25 14:06:36
4745,410682209,sell,B2084DMV3,3337,94.50,2024-09-25 14:06:36
4746,446172443,sell,4SZS0QAJ7,4208,352.68,2024-09-25 14:06:36
4747,228115165,sell,J32KZXBB2,3404,140.82,2024-09-25 14:06:36
4748,286840491,sell,8Z2Y0LRL8,7909,146.96,2024-09-25 14:06:36
4749,454112537,sell,GK9JFA1X8,5628,93.03,2024-09-25 14:06:36
4750,321673387,buy,HF7X3MR00,1917,149.90,2024-09-25 14:06:36
4751,577787976,sell,J12JSSBV4,2359,100.10,2024-09-25 14:06:36
4752,168642472,buy,G9S0H2069,4727,274.56,2024-09-25 14:06:36
4753,277573583,buy,921PT3IZ8,248,340.02,2024-09-25 14:06:36
4754,181754403,sell,OFVWALMR7,4508,321.78,2024-09-25 14:06:36
4755,467659930,buy,U6GHSKQB4,7812,394.61,2024-09-25 14:06:36
4756,451967574,sell,GRJ8R6CK8,4248,158.66,2024-09-25 14:06:36
4757,757210888,sell,L88HJFS28,2137,153.58,2024-09-25 14:06:36
4758,970599162,sell,302DJ5IF4,3960,421.54,2024-09-25 14:06:36
4759,266306098,sell,AQIBEWZS5,9737,453.75,2024-09-25 14:06:36
4760,128694725,sell,73NMYQ885,8791,53.44,2024-09-25 14:06:36
4761,293370439,sell,OP7EK77E8,8524,35.85,2024-09-25 14:06:36
4762,370516736,buy,W1GYO6GP1,7637,419.13,2024-09-25 14:06:36
4763,896896391,buy,9LH9796O4,3842,369.63,2024-09-25 14:06:36
4764,705755001,sell,63GY982T6,1740,212.39,2024-09-25 14:06:36
4765,936729441,sell,R3Z3WH0U3,4621,150.79,2024-09-25 14:06:36
4766,286881366,sell,8H7NWE8P0,7641,352.72,2024-09-25 14:06:36
4767,924145854,buy,YLL325C51,7406,480.32,2024-09-25 14:06:36
4768,834848215,sell,J6N0D88Z6,3635,411.32,2024-09-25 14:06:36
4769,611122502,sell,PSRQ6ZST0,1626,180.53,2024-09-25 14:06:36
4770,893484617,buy,2Z0XR3D67,1244,449.84,2024-09-25 14:06:36
4771,754217763,buy,6ZZLF5D69,235,441.30,2024-09-25 14:06:36
4772,904041500,sell,5AGJ1D006,1623,228.43,2024-09-25 14:06:36
4773,161877505,sell,VY60RSAK1,2162,320.94,2024-09-25 14:06:36
4774,250421815,buy,9UCJUX9K3,6132,419.51,2024-09-25 14:06:36
4775,822528154,buy,2KHWBMPH2,4150,292.96,2024-09-25 14:06:36
4776,717281039,buy,9P8RND8O6,9558,237.89,2024-09-25 14:06:36
4777,353775899,buy,ERID35MS0,5684,191.80,2024-09-25 14:06:36
4778,915469912,sell,DGLV8WUN9,1402,83.83,2024-09-25 14:06:36
4779,871920696,sell,1RUQGQ576,6496,319.60,2024-09-25 14:06:36
4780,683051962,buy,NTXSF1841,3917,75.98,2024-09-25 14:06:36
4781,176365848,buy,NUPRLI8K9,8081,165.23,2024-09-25 14:06:36
4782,498828697,buy,547OBTE16,5654,160.43,2024-09-25 14:06:36
4783,617428301,buy,75QK9NFT2,1192,309.03,2024-09-25 14:06:36
4784,703956661,buy,8PBMA4TM9,5704,14.70,2024-09-25 14:06:36
4785,533586038,sell,KOLEMVZX1,1626,458.71,2024-09-25 14:06:36
4786,249124223,sell,3ZZSPIFR0,9721,252.43,2024-09-25 14:06:36
4787,276624086,sell,PO3EO9BY7,451,169.82,2024-09-25 14:06:36
4788,814952256,sell,CARW2MR31,7801,431.34,2024-09-25 14:06:36
4789,260179697,sell,P5M0Q8SL7,1899,29.06,2024-09-25 14:06:36
4790,468013915,buy,W5UHUAVR6,2613,170.46,2024-09-25 14:06:36
4791,714725977,sell,HRUUO1KT1,6544,174.37,2024-09-25 14:06:36
4792,462630597,buy,RTN7MVBB0,6509,427.98,2024-09-25 14:06:36
4793,275144377,sell,6ALVQKO37,8730,168.53,2024-09-25 14:06:36
4794,937405245,sell,ZWU8GJ954,1502,145.01,2024-09-25 14:06:36
4795,853023820,sell,D54ATHSM3,4432,166.01,2024-09-25 14:06:36
4796,133478692,buy,CANKTSJA2,9687,164.46,2024-09-25 14:06:36
4797,710922659,sell,7QVHVJ471,6673,48.12,2024-09-25 14:06:36
4798,595651212,buy,QB33XWNG3,5319,28.65,2024-09-25 14:06:36
4799,198273370,sell,UQFW3F3Q8,4251,404.88,2024-09-25 14:06:36
4800,267882086,buy,QQMEGO556,724,221.19,2024-09-25 14:06:36
4801,116527771,buy,69QUNS0Z8,1245,225.16,2024-09-25 14:06:36
4802,163356385,buy,LYJU9C754,9121,186.32,2024-09-25 14:06:36
4803,690726272,sell,DAOIOIXA6,2107,352.49,2024-09-25 14:06:36
4804,159031013,sell,03E8G4IG3,5226,497.12,2024-09-25 14:06:36
4805,991334755,buy,SWKVYPZ59,8643,297.41,2024-09-25 14:06:36
4806,139782344,sell,20IC7FE32,9315,194.39,2024-09-25 14:06:36
4807,203756550,buy,U9QLQDIL3,4150,465.30,2024-09-25 14:06:36
4808,395085879,sell,9L69CI1U1,9934,75.79,2024-09-25 14:06:36
4809,608292006,sell,GN1QAIWH3,2958,31.57,2024-09-25 14:06:36
4810,268577982,buy,9K1PCN065,8126,219.82,2024-09-25 14:06:36
4811,665206407,sell,QP6QZ5DX9,792,43.59,2024-09-25 14:06:36
4812,822337693,buy,31UC24AY1,5823,60.28,2024-09-25 14:06:36
4813,739531064,buy,G29LK1X20,9425,10.87,2024-09-25 14:06:36
4814,435616909,sell,62HMTJYH8,2164,432.76,2024-09-25 14:06:36
4815,479633057,sell,AEGDW44Q0,7612,262.45,2024-09-25 14:06:36
4816,846290938,sell,V151SG085,5858,103.13,2024-09-25 14:06:36
4817,975510739,buy,VIQRK4DW6,3434,319.50,2024-09-25 14:06:36
4818,577065077,sell,9SEZDZOE1,882,45.44,2024-09-25 14:06:36
4819,719821594,buy,12KCMSL74,9001,474.23,2024-09-25 14:06:36
4820,711863404,sell,7YJEGR1Q5,2308,263.04,2024-09-25 14:06:36
4821,678945283,sell,LE1HNOIM5,9829,168.45,2024-09-25 14:06:36
4822,947435872,buy,GN951YF77,5540,112.28,2024-09-25 14:06:36
4823,154823922,buy,LLFNIHH19,3845,336.73,2024-09-25 14:06:36
4824,622493286,sell,GGY4DNWG9,4037,50.37,2024-09-25 14:06:36
4825,928654714,sell,KSPU71Y65,3335,97.78,2024-09-25 14:06:36
4826,614454119,buy,EC6F1NZ01,5834,17.23,2024-09-25 14:06:36
4827,593516508,buy,S8PZD7349,2529,236.91,2024-09-25 14:06:36
4828,273100644,buy,YGB48L6N8,4545,107.14,2024-09-25 14:06:36
4829,965769910,buy,6NFWO2HL4,6907,366.40,2024-09-25 14:06:36
4830,197886528,buy,Y186R7C03,4514,351.89,2024-09-25 14:06:36
4831,199017298,buy,KCUNKYDV1,9183,287.48,2024-09-25 14:06:36
4832,407633399,buy,O5PN34XP4,8417,460.97,2024-09-25 14:06:36
4833,353704885,sell,DHC35HH26,9490,126.25,2024-09-25 14:06:36
4834,363839120,sell,AWGP2SCD3,3368,426.28,2024-09-25 14:06:36
4835,731558180,sell,VBSXUQ4A4,3861,275.41,2024-09-25 14:06:36
4836,549669841,sell,4DYUWPJF2,8848,365.69,2024-09-25 14:06:36
4837,788134727,sell,VEQISZNG2,7361,182.16,2024-09-25 14:06:36
4838,171803957,buy,3RL74UQX0,3530,347.70,2024-09-25 14:06:36
4839,327476939,buy,THEK4B542,2182,89.06,2024-09-25 14:06:36
4840,138733540,buy,5LDY58GH5,4450,286.74,2024-09-25 14:06:36
4841,610632233,buy,CJ6ZUBOF7,6580,437.68,2024-09-25 14:06:36
4842,922639242,sell,24VWPG1V5,188,488.41,2024-09-25 14:06:36
4843,333993538,sell,5P4CWQEL7,6494,244.32,2024-09-25 14:06:36
4844,922417180,sell,5BPGE7IZ3,8456,108.26,2024-09-25 14:06:36
4845,962083058,sell,3FCWT4RM5,5380,479.86,2024-09-25 14:06:36
4846,149840149,sell,W9OWDVQ18,9582,244.03,2024-09-25 14:06:36
4847,373049574,buy,IAHH2QTN4,9283,129.74,2024-09-25 14:06:36
4848,315035900,buy,4PFGQ9T51,6511,109.65,2024-09-25 14:06:36
4849,821333904,buy,OF3MBJXY7,8590,346.23,2024-09-25 14:06:36
4850,362951565,sell,F935KTLD5,5725,416.70,2024-09-25 14:06:36
4851,698080626,buy,MDKPNZW46,9644,127.59,2024-09-25 14:06:36
4852,531265810,buy,XQD6495O0,5519,367.11,2024-09-25 14:06:36
4853,969364899,sell,DTXMRLD83,6125,452.33,2024-09-25 14:06:36
4854,664143504,buy,6W5LPNFQ3,609,424.33,2024-09-25 14:06:36
4855,656396850,sell,N3KLB7IW5,6385,18.42,2024-09-25 14:06:36
4856,428510018,sell,NMVD537X5,1082,119.24,2024-09-25 14:06:36
4857,725459041,buy,P0VKFWTQ1,114,258.64,2024-09-25 14:06:36
4858,819196954,sell,8CSQ83EU4,7656,136.88,2024-09-25 14:06:36
4859,432182333,sell,IG8IBPKX8,900,268.19,2024-09-25 14:06:36
4860,799580019,buy,HOPQ3FAE9,8067,89.94,2024-09-25 14:06:36
4861,769959926,sell,3Q3EG7OO7,1405,173.60,2024-09-25 14:06:36
4862,412214046,buy,BF9BN8GG8,3543,185.15,2024-09-25 14:06:36
4863,808298562,sell,B2K9L0307,100,123.43,2024-09-25 14:06:36
4864,529305405,sell,YBQAWTJO9,6588,440.10,2024-09-25 14:06:36
4865,683956988,sell,9WYIYMQJ1,5328,264.90,2024-09-25 14:06:36
4866,832429251,buy,CDL91UVR7,7623,295.71,2024-09-25 14:06:36
4867,946626448,sell,DGWSLX1S8,4320,309.56,2024-09-25 14:06:36
4868,616864640,sell,ZBXI93DP9,2477,141.88,2024-09-25 14:06:36
4869,767490989,sell,QHRKYZBQ9,262,110.41,2024-09-25 14:06:36
4870,737188881,sell,V239CD8L5,1009,197.27,2024-09-25 14:06:36
4871,897741149,sell,T1N2MWSB0,5914,112.73,2024-09-25 14:06:36
4872,530879593,sell,KK2ZE2XI1,4926,411.70,2024-09-25 14:06:36
4873,764433247,buy,68LIX5UK1,4888,319.70,2024-09-25 14:06:36
4874,723700033,buy,OMVGDV8R8,5036,437.15,2024-09-25 14:06:36
4875,220451305,buy,X3UAPD4J3,7848,221.93,2024-09-25 14:06:36
4876,415960494,buy,CCRUCYNN4,5570,168.42,2024-09-25 14:06:36
4877,335574274,buy,VRAXM8WR9,6273,357.83,2024-09-25 14:06:36
4878,279775703,sell,BL8UNZQE8,304,345.86,2024-09-25 14:06:36
4879,437726051,buy,QUCRZRDO1,3607,200.68,2024-09-25 14:06:36
4880,394694950,sell,T6AB56C00,8899,317.76,2024-09-25 14:06:36
4881,870179831,buy,MCVQ1QH03,1252,324.30,2024-09-25 14:06:36
4882,754435461,sell,15XIOC6O3,2751,151.95,2024-09-25 14:06:36
4883,881630274,buy,MF0QARFZ3,4725,386.37,2024-09-25 14:06:36
4884,147127678,buy,D4Y6551S0,5872,37.08,2024-09-25 14:06:36
4885,934795971,buy,G1Z4KCBO3,3680,305.24,2024-09-25 14:06:36
4886,688330626,buy,ES7Y6J7V1,5245,42.32,2024-09-25 14:06:36
4887,872697953,sell,Q8R4Z7S47,4676,360.95,2024-09-25 14:06:36
4888,846510548,buy,NU6IJPJP4,457,426.24,2024-09-25 14:06:36
4889,674754160,sell,78MUH6WP5,2400,310.53,2024-09-25 14:06:36
4890,891141447,sell,EGRKYPXU3,1132,333.09,2024-09-25 14:06:36
4891,446413254,sell,VYE1CSA42,4034,45.22,2024-09-25 14:06:36
4892,897848447,buy,5U2XXIUG2,1386,57.94,2024-09-25 14:06:36
4893,848061924,buy,BMS1CPYU7,5199,36.72,2024-09-25 14:06:36
4894,618427180,sell,51DM5D6Q5,5594,235.28,2024-09-25 14:06:36
4895,316531405,sell,RLS98L093,9367,276.60,2024-09-25 14:06:36
4896,868024635,buy,2C2V5EBG0,2388,449.17,2024-09-25 14:06:36
4897,888743703,buy,M67IGVYC9,1666,491.33,2024-09-25 14:06:36
4898,850342804,sell,53EDZ3PF2,4028,27.81,2024-09-25 14:06:36
4899,850708227,buy,979GNW403,3262,136.87,2024-09-25 14:06:36
4900,916517626,buy,02WGJ1BU6,5950,263.24,2024-09-25 14:06:36
4901,989232475,sell,TNINCP1V3,6326,228.63,2024-09-25 14:06:36
4902,752267223,sell,OKU0AR6T8,120,454.67,2024-09-25 14:06:36
4903,241371078,buy,JEKUEW890,5335,394.17,2024-09-25 14:06:36
4904,674158715,buy,DBBUQ37W3,766,370.93,2024-09-25 14:06:36
4905,835581544,buy,JLQMYPZV0,2690,29.53,2024-09-25 14:06:36
4906,938237566,buy,FPDJPA310,8816,177.71,2024-09-25 14:06:36
4907,515654940,sell,97KRSDZK5,1419,71.23,2024-09-25 14:06:36
4908,162272889,buy,X2IC08JX6,7694,149.34,2024-09-25 14:06:36
4909,732691603,buy,A82VFLC72,2558,414.94,2024-09-25 14:06:36
4910,517754014,buy,KNUXSGG84,2285,99.28,2024-09-25 14:06:36
4911,347302697,sell,QSBTVU2Y0,1865,173.88,2024-09-25 14:06:36
4912,612337249,buy,KWWL6CXP4,7170,116.42,2024-09-25 14:06:36
4913,536407094,sell,BHLZ26S71,7389,417.28,2024-09-25 14:06:36
4914,885153153,sell,NYRM54159,8227,246.97,2024-09-25 14:06:36
4915,629535551,buy,EM8D3N0P3,5991,116.90,2024-09-25 14:06:36
4916,661209565,buy,1R30WMRL9,6028,143.92,2024-09-25 14:06:36
4917,252252791,sell,KGFJPNGN2,3598,60.87,2024-09-25 14:06:36
4918,839346547,sell,YMJXL5PV4,6257,476.61,2024-09-25 14:06:36
4919,979648499,sell,UXH0HBV84,2986,482.79,2024-09-25 14:06:36
4920,445516694,sell,5B280HY40,508,138.94,2024-09-25 14:06:36
4921,194108119,buy,JUH3GHNU5,8361,297.23,2024-09-25 14:06:36
4922,249349620,sell,GVVI1J9D3,1735,442.64,2024-09-25 14:06:36
4923,538407120,buy,YL24XFQI1,3727,217.92,2024-09-25 14:06:36
4924,750613918,buy,UOOZNRC47,2988,497.31,2024-09-25 14:06:36
4925,301799905,buy,DAOEWS3Q2,4951,40.48,2024-09-25 14:06:36
4926,465927194,sell,AP0238K65,5329,446.62,2024-09-25 14:06:36
4927,709530010,buy,8GM9IT663,2806,462.46,2024-09-25 14:06:36
4928,120614545,sell,4GOIHFBO1,7516,293.23,2024-09-25 14:06:36
4929,367486384,sell,KZQ58UTR8,6660,175.49,2024-09-25 14:06:36
4930,861750723,buy,5V601ZLE0,2544,298.74,2024-09-25 14:06:36
4931,340616816,sell,HALHA4G20,3516,92.85,2024-09-25 14:06:36
4932,206101068,buy,UT31ZZO99,9091,463.34,2024-09-25 14:06:36
4933,763355396,buy,01Y6J6QJ6,5669,288.53,2024-09-25 14:06:36
4934,285397636,buy,NP3QMCZL6,794,401.36,2024-09-25 14:06:36
4935,522719665,sell,R308UGLQ0,1954,215.33,2024-09-25 14:06:36
4936,923848553,sell,Z4227OD70,5905,416.14,2024-09-25 14:06:36
4937,185832340,buy,ZP1BDT9U0,1966,131.22,2024-09-25 14:06:36
4938,149061305,sell,7TKMZMWH2,2091,16.20,2024-09-25 14:06:36
4939,556527410,buy,QLL9ZFGF3,6305,425.74,2024-09-25 14:06:36
4940,552310811,sell,KJXVNR074,1964,489.73,2024-09-25 14:06:36
4941,266204981,sell,72CR1L4Z9,5905,255.79,2024-09-25 14:06:36
4942,500002260,buy,9WXYWFZZ8,2088,136.89,2024-09-25 14:06:36
4943,255073550,buy,GE7ZZAEF1,1187,16.04,2024-09-25 14:06:36
4944,729190464,buy,1XQ7GFYW7,2449,329.03,2024-09-25 14:06:36
4945,314250681,sell,6ZVCONV80,5412,444.32,2024-09-25 14:06:36
4946,946843538,sell,E18GYVAU8,1395,72.02,2024-09-25 14:06:36
4947,204997443,sell,VA2W2QNA6,3304,423.91,2024-09-25 14:06:36
4948,631672460,sell,YPMNZ3C98,8048,137.44,2024-09-25 14:06:36
4949,558199729,sell,BWEGAPKH3,8268,310.72,2024-09-25 14:06:36
4950,787439982,sell,NP3W4CR81,5817,136.41,2024-09-25 14:06:36
4951,990292434,sell,NM08HEG13,1492,104.47,2024-09-25 14:06:36
4952,210274618,sell,AXU2LLBN9,8326,218.39,2024-09-25 14:06:36
4953,464323600,buy,1Q5R9TOK6,7300,113.32,2024-09-25 14:06:36
4954,250204508,sell,18CREW7T5,2299,37.90,2024-09-25 14:06:36
4955,982093659,sell,LYRQJ0AK2,8930,401.54,2024-09-25 14:06:36
4956,454279687,sell,MF6DUDAJ6,9845,472.28,2024-09-25 14:06:36
4957,215156383,sell,M6CIYDP25,4681,325.42,2024-09-25 14:06:36
4958,807960417,sell,FYTA8ZRB9,439,405.53,2024-09-25 14:06:36
4959,243012549,buy,CWNMJ6R93,2622,360.11,2024-09-25 14:06:36
4960,886578161,sell,J8JR5FHH1,1822,462.74,2024-09-25 14:06:36
4961,833239243,sell,K36HC39V3,767,366.62,2024-09-25 14:06:36
4962,159947513,buy,ORRBKR9U6,4662,277.46,2024-09-25 14:06:36
4963,571940393,sell,SN9UDVKS0,3373,459.27,2024-09-25 14:06:36
4964,157029058,buy,79N87ZR17,3894,306.32,2024-09-25 14:06:36
4965,568193696,buy,YAK8J8DT8,1691,319.87,2024-09-25 14:06:36
4966,302830034,sell,FPICF96V5,8325,14.93,2024-09-25 14:06:36
4967,219596263,sell,GH0GZ9CE1,986,277.77,2024-09-25 14:06:36
4968,487284418,buy,8YZWXKIL5,6348,72.79,2024-09-25 14:06:36
4969,415864073,sell,ESO1AF226,9257,325.81,2024-09-25 14:06:36
4970,466826294,buy,6R911AZR4,2584,398.04,2024-09-25 14:06:36
4971,311373852,buy,EM3YPA2M1,8159,295.19,2024-09-25 14:06:36
4972,702093309,sell,RSIT0OG33,9276,485.66,2024-09-25 14:06:36
4973,441227514,sell,2XT1XR255,6377,408.00,2024-09-25 14:06:36
4974,865230297,buy,00N816OU2,4180,263.78,2024-09-25 14:06:36
4975,635401705,sell,K23553R67,565,265.03,2024-09-25 14:06:36
4976,344153656,buy,NYMNLABO8,374,474.67,2024-09-25 14:06:36
4977,769252237,buy,I6LIAF2N0,1189,470.24,2024-09-25 14:06:36
4978,739578897,buy,F0F6893M7,3441,60.62,2024-09-25 14:06:36
4979,624915019,buy,3USX1VXH7,3851,172.04,2024-09-25 14:06:36
4980,745093681,buy,DGCREUIW9,3279,154.38,2024-09-25 14:06:36
4981,463530398,sell,RPN7N6KS5,1938,124.19,2024-09-25 14:06:36
4982,917098105,sell,40YUVQKX8,1783,21.86,2024-09-25 14:06:36
4983,934318210,sell,AL7ZM5YZ0,1811,299.90,2024-09-25 14:06:36
4984,377024190,sell,Q4CYPPGY4,5194,56.48,2024-09-25 14:06:36
4985,623289957,sell,RU5S4TS44,2020,100.67,2024-09-25 14:06:36
4986,285464494,sell,IIOZL70Z4,6399,199.96,2024-09-25 14:06:36
4987,410685777,sell,NRBODI4N5,9117,295.54,2024-09-25 14:06:36
4988,449165759,sell,9F5DF36M9,1114,130.33,2024-09-25 14:06:36
4989,341065734,sell,7SPZXYZ18,2203,56.85,2024-09-25 14:06:36
4990,947392354,buy,D0HG8D262,2085,327.83,2024-09-25 14:06:36
4991,537814928,sell,I3CRANG70,4036,193.36,2024-09-25 14:06:36
4992,778579237,buy,KC6U77586,8335,135.17,2024-09-25 14:06:36
4993,972821452,sell,F29PY3F23,2452,487.14,2024-09-25 14:06:36
4994,284335081,buy,EPQVEYKS2,4926,295.69,2024-09-25 14:06:36
4995,199798858,sell,FBHHOCSW3,4858,277.68,2024-09-25 14:06:36
4996,772815434,buy,7MO3Z1334,48,446.85,2024-09-25 14:06:36
4997,926724855,sell,0FXTK6243,1321,47.72,2024-09-25 14:06:36
4998,713123789,sell,P2DY25VY0,7581,474.08,2024-09-25 14:06:36
4999,153106102,sell,503GD5EX5,1375,477.17,2024-09-25 14:06:36
5000,822201076,sell,I05GT6V86,7488,248.05,2024-09-25 14:06:36
